0356F46026621             0011710161710162100741422000881870   90       
0356F46026621             002Agro-Citrica de Picassent C.V.             
0356F46026621             003Polig.Industrial Picassent C/6             
0356F46026621             00446220 Valencia                             
0656F46026621 X4022183N   01000000001870031590047227546841711  99       
0656F46026621 X4022183N   011                      KHALID MEHMOOD       
0656F46026621 X4022183N   012      C/ SAN JOSE, 82-6                    
0656F46026621 X4022183N   013                                           
0656F46026621 X4022183N   0146220  PICASSENT                            
0656F46026621 X4022183N   016                             Nómina        
0856F46026621                000000018700000000010000000011             
