<?xml version="1.0" encoding="UTF-8" standalone="yes"?>
<Document xmlns:xsi="http://www.w3.org/2001/XMLSchema-instance" xmlns="urn:iso:std:iso:20022:tech:xsd:pain.001.001.03">
<CstmrCdtTrfInitn>
   <GrpHdr>
      <MsgId>TRANPAG000000F20180525T140641</MsgId>
      <CreDtTm>2018-05-25T14:06:41</CreDtTm>
      <NbOfTxs>1</NbOfTxs>
      <CtrlSum>68.98</CtrlSum>
      <InitgPty>
         <Nm>Catadau</Nm>
         <Id>
           <OrgId>
               <Othr>
                  <Id>F46038881AN0</Id>
               </Othr>
           </OrgId>
         </Id>
      </InitgPty>
   </GrpHdr>
   <PmtInf>
      <PmtInfId>20180525140641F46038881</PmtInfId>
      <PmtMtd>TRF</PmtMtd>
      <ReqdExctnDt>2018-06-15</ReqdExctnDt>
      <Dbtr>
         <Nm>Catadau</Nm>
         <PstlAdr>
            <Ctry>ES</Ctry>
            <AdrLine>C/Rodriguez de la Fuente s/n CATADAU VALENCIA</AdrLine>
         </PstlAdr>
         <Id>
            <OrgId>
               <Othr>
                  <Id>F46038881AN0</Id>
               </Othr>
            </OrgId>
         </Id>
    </Dbtr>
    <DbtrAcct>
       <Id>
          <IBAN>ES5230582268501021006736</IBAN>
       </Id>
       <Ccy>EUR</Ccy>
    </DbtrAcct>
    <DbtrAgt>
       <FinInstnId>
          <BIC>CCRIES2AXXX</BIC>
       </FinInstnId>
    </DbtrAgt>
   <CdtTrfTxInf>
      <PmtId>
         <EndToEndId>73939701Z</EndToEndId>
      </PmtId>
      <PmtTpInf>
          <SvcLvl><Cd>SEPA</Cd></SvcLvl>
          <CtgyPurp><Cd>SALA</Cd></CtgyPurp>
       </PmtTpInf>
       <Amt>
          <InstdAmt Ccy="EUR">68.98</InstdAmt>
       </Amt>
       <CdtrAgt>
          <FinInstnId>
             <BIC>CCRIES2AXXX</BIC>
          </FinInstnId>
       </CdtrAgt>
       <Cdtr>
          <Nm>MARTINEZ DELGADO,ALFONSO</Nm>
           <Id>
               <OrgId>
                  <Othr>
                     <Id>73939701Z</Id>
                  </Othr>
               </OrgId>
           </Id>
        </Cdtr>
        <CdtrAcct>
           <Id>
              <IBAN>ES2530582268582810017212</IBAN>
           </Id>
        </CdtrAcct>
      <Purp>
         <Cd>SALA</Cd>
      </Purp>
      <RmtInf>
         <Ustrd>Pago N mina 15/06/2018 Importe 68,98</Ustrd>
      </RmtInf>
   </CdtTrfTxInf>
   </PmtInf>
</CstmrCdtTrfInitn></Document>
