<?xml version="1.0" encoding="UTF-8" standalone="yes"?>
<Document xmlns:xsi="http://www.w3.org/2001/XMLSchema-instance" xmlns="urn:iso:std:iso:20022:tech:xsd:pain.001.001.03">
<CstmrCdtTrfInitn>
   <GrpHdr>
      <MsgId>TRANPAG000000F20190529T114131</MsgId>
      <CreDtTm>2019-05-29T11:41:31</CreDtTm>
      <NbOfTxs>1</NbOfTxs>
      <CtrlSum>39.00</CtrlSum>
      <InitgPty>
         <Nm>INMA FRUITS SAT N 657CV</Nm>
         <Id>
           <OrgId>
               <Othr>
                  <Id>V98987266</Id>
               </Othr>
           </OrgId>
         </Id>
      </InitgPty>
   </GrpHdr>
   <PmtInf>
      <PmtInfId>20190529114131V98987266</PmtInfId>
      <PmtMtd>TRF</PmtMtd>
      <ReqdExctnDt>2019-05-29</ReqdExctnDt>
      <Dbtr>
         <Nm>INMA FRUITS SAT N 657CV</Nm>
         <PstlAdr>
            <Ctry>ES</Ctry>
            <AdrLine>C DE L OLIVERA, S/N BENIMODO VALENCIA</AdrLine>
         </PstlAdr>
         <Id>
            <OrgId>
               <Othr>
                  <Id>V98987266</Id>
               </Othr>
            </OrgId>
         </Id>
    </Dbtr>
    <DbtrAcct>
       <Id>
          <IBAN>ES1700495543062516276466</IBAN>
       </Id>
       <Ccy>EUR</Ccy>
    </DbtrAcct>
    <DbtrAgt>
       <FinInstnId>
          <BIC>BSCHESMMXXX</BIC>
       </FinInstnId>
    </DbtrAgt>
   <CdtTrfTxInf>
      <PmtId>
         <EndToEndId>Y0846805M</EndToEndId>
      </PmtId>
      <PmtTpInf>
          <SvcLvl><Cd>SEPA</Cd></SvcLvl>
          <CtgyPurp><Cd>SALA</Cd></CtgyPurp>
       </PmtTpInf>
       <Amt>
          <InstdAmt Ccy="EUR">39</InstdAmt>
       </Amt>
       <CdtrAgt>
          <FinInstnId>
             <BIC>CAIXESBBXXX</BIC>
          </FinInstnId>
       </CdtrAgt>
       <Cdtr>
          <Nm>BLOSENKO, EDUARDS</Nm>
           <Id>
               <OrgId>
                  <Othr>
                     <Id>Y0846805M</Id>
                  </Othr>
               </OrgId>
           </Id>
        </Cdtr>
        <CdtrAcct>
           <Id>
              <IBAN>ES3321000209420100620319</IBAN>
           </Id>
        </CdtrAcct>
      <Purp>
         <Cd>SALA</Cd>
      </Purp>
      <RmtInf>
         <Ustrd>nomina mayo 29/05/2019 Importe 39,00</Ustrd>
      </RmtInf>
   </CdtTrfTxInf>
   </PmtInf>
</CstmrCdtTrfInitn></Document>
