<?xml version="1.0" encoding="UTF-8" standalone="yes"?>
<Document xmlns:xsi="http://www.w3.org/2001/XMLSchema-instance" xmlns="urn:iso:std:iso:20022:tech:xsd:pain.001.001.03">
<CstmrCdtTrfInitn>
   <GrpHdr>
      <MsgId>TRANPAG000000F20190603T125433</MsgId>
      <CreDtTm>2019-06-03T12:54:33</CreDtTm>
      <NbOfTxs>1</NbOfTxs>
      <CtrlSum>444.44</CtrlSum>
      <InitgPty>
         <Nm>INMA FRUITS SAT N 657CV</Nm>
         <Id>
           <OrgId>
               <Othr>
                  <Id>V98987266</Id>
               </Othr>
           </OrgId>
         </Id>
      </InitgPty>
   </GrpHdr>
   <PmtInf>
      <PmtInfId>20190603125433V98987266</PmtInfId>
      <PmtMtd>TRF</PmtMtd>
      <ReqdExctnDt>2019-06-03</ReqdExctnDt>
      <Dbtr>
         <Nm>INMA FRUITS SAT N 657CV</Nm>
         <PstlAdr>
            <Ctry>ES</Ctry>
            <AdrLine>C DE L OLIVERA, S/N BENIMODO VALENCIA</AdrLine>
         </PstlAdr>
         <Id>
            <OrgId>
               <Othr>
                  <Id>V98987266</Id>
               </Othr>
            </OrgId>
         </Id>
    </Dbtr>
    <DbtrAcct>
       <Id>
          <IBAN>ES1700495543062516276466</IBAN>
       </Id>
       <Ccy>EUR</Ccy>
    </DbtrAcct>
    <DbtrAgt>
       <FinInstnId>
          <BIC>BSCHESMMXXX</BIC>
       </FinInstnId>
    </DbtrAgt>
   <CdtTrfTxInf>
      <PmtId>
         <EndToEndId>X9891177G</EndToEndId>
      </PmtId>
      <PmtTpInf>
          <SvcLvl><Cd>SEPA</Cd></SvcLvl>
          <CtgyPurp><Cd>SALA</Cd></CtgyPurp>
       </PmtTpInf>
       <Amt>
          <InstdAmt Ccy="EUR">444.44</InstdAmt>
       </Amt>
       <CdtrAgt>
          <FinInstnId>
             <BIC>CCRIES2AXXX</BIC>
          </FinInstnId>
       </CdtrAgt>
       <Cdtr>
          <Nm>RAJI, ABDERRAZAK</Nm>
           <Id>
               <OrgId>
                  <Othr>
                     <Id>X9891177G</Id>
                  </Othr>
               </OrgId>
           </Id>
        </Cdtr>
        <CdtrAcct>
           <Id>
              <IBAN>ES9430580096742810041627</IBAN>
           </Id>
        </CdtrAcct>
      <Purp>
         <Cd>SALA</Cd>
      </Purp>
      <RmtInf>
         <Ustrd>03/06/2019 Importe 444,44</Ustrd>
      </RmtInf>
   </CdtTrfTxInf>
   </PmtInf>
</CstmrCdtTrfInitn></Document>
