01ORD34145001F460266470002016120120161201AES0000000000**0000000000          0COOP.AGRICOLA S.ISIDRO LABRADOR                                       Plaza del Ayuntamiento nº 14                      46220 PICASSENT                                   VALENCIA                                ES                                                                                                                                                                                                                                                                                                                       
02SCT34145F46026647000                                                                                                                                                                                                                                                                                                                                                                                                                                                                                                                                                                                                  
03SCT3414500222660804P 01/12/2016               AES9230821323613195491315          000000163443           CARBO SAEZ, JOSE VTE                                                  CL CARLOS ALBORS 58 - - -                         46220 PICASSENT                                   VALENCIA                                ESPago Nómina                                                                                                                                                                    SALASALA                                                                                                   
04SCT00000000000016344000000010000000003                                                                                                                                                                                                                                                                                                                                                                                                                                                                                                                                                                                
99ORD00000000000016344000000010000000005                                                                                                                                                                                                                                                                                                                                                                                                                                                                                                                                                                                
