0356F46026621             0012709162709162100741422000881870   90       
0356F46026621             002Agro-Citrica de Picassent C.V.             
0356F46026621             003Polig.Industrial Picassent C/6             
0356F46026621             00446220 Valencia                             
0656F46026621 X4022183N   01000000000012531590047227546841711  99       
0656F46026621 X4022183N   011                      KHALID MEHMOOD       
0656F46026621 X4022183N   012      C/ SAN JOSE, 82-6                    
0656F46026621 X4022183N   013                                           
0656F46026621 X4022183N   0146220  PICASSENT                            
0656F46026621 X4022183N   016                             Nómina        
0656F46026621 Y2403333P   01000000000012521003930010046640811  68       
0656F46026621 Y2403333P   011                  BARKAITIENE JULIJA       
0656F46026621 Y2403333P   012                      C/ GANDIA,12-4       
0656F46026621 Y2403333P   013                                           
0656F46026621 Y2403333P   01446600                         ALZIRA       
0656F46026621 Y2403333P   016                             Nómina        
0856F46026621                000000000250000000020000000017             
