<?xml version="1.0" encoding="UTF-8" standalone="yes"?>
<Document xmlns:xsi="http://www.w3.org/2001/XMLSchema-instance" xmlns="urn:iso:std:iso:20022:tech:xsd:pain.001.001.03">
<CstmrCdtTrfInitn>
   <GrpHdr>
      <MsgId>TRANPAG000000F20170904T164740</MsgId>
      <CreDtTm>2017-09-04T16:47:40</CreDtTm>
      <NbOfTxs>76</NbOfTxs>
      <CtrlSum>18158.38</CtrlSum>
      <InitgPty>
         <Nm>Picassent</Nm>
         <Id>
           <OrgId>
               <Othr>
                  <Id>F46026621</Id>
               </Othr>
           </OrgId>
         </Id>
      </InitgPty>
   </GrpHdr>
   <PmtInf>
      <PmtInfId>20170904164740F46026621</PmtInfId>
      <PmtMtd>TRF</PmtMtd>
      <ReqdExctnDt>2017-09-04</ReqdExctnDt>
      <Dbtr>
         <Nm>Picassent</Nm>
         <PstlAdr>
            <Ctry>ES</Ctry>
            <AdrLine>Polig.Industrial Picassent C/6 N  3 Picassent Valencia</AdrLine>
         </PstlAdr>
         <Id>
            <OrgId>
               <Othr>
                  <Id>F46026621</Id>
               </Othr>
            </OrgId>
         </Id>
    </Dbtr>
    <DbtrAcct>
       <Id>
          <IBAN>ES6121007414902200088187</IBAN>
       </Id>
       <Ccy>EUR</Ccy>
    </DbtrAcct>
    <DbtrAgt>
       <FinInstnId>
          <BIC>CAIXESBBXXX</BIC>
       </FinInstnId>
    </DbtrAgt>
   <CdtTrfTxInf>
      <PmtId>
         <EndToEndId>73756902L</EndToEndId>
      </PmtId>
      <PmtTpInf>
          <SvcLvl><Cd>SEPA</Cd></SvcLvl>
          <CtgyPurp><Cd>SALA</Cd></CtgyPurp>
       </PmtTpInf>
       <Amt>
          <InstdAmt Ccy="EUR">11.88</InstdAmt>
       </Amt>
       <CdtrAgt>
          <FinInstnId>
             <BIC>CCRIES2AXXX</BIC>
          </FinInstnId>
       </CdtrAgt>
       <Cdtr>
          <Nm>LOPEZ PEREZ JUAN DANIEL</Nm>
           <Id>
               <OrgId>
                  <Othr>
                     <Id>73756902L</Id>
                  </Othr>
               </OrgId>
           </Id>
        </Cdtr>
        <CdtrAcct>
           <Id>
              <IBAN>ES5730587032852810006227</IBAN>
           </Id>
        </CdtrAcct>
      <Purp>
         <Cd>SALA</Cd>
      </Purp>
      <RmtInf>
         <Ustrd>Pago N mina 04/09/2017 Importe 11,88</Ustrd>
      </RmtInf>
   </CdtTrfTxInf>
   <CdtTrfTxInf>
      <PmtId>
         <EndToEndId>24336911J</EndToEndId>
      </PmtId>
      <PmtTpInf>
          <SvcLvl><Cd>SEPA</Cd></SvcLvl>
          <CtgyPurp><Cd>SALA</Cd></CtgyPurp>
       </PmtTpInf>
       <Amt>
          <InstdAmt Ccy="EUR">8.89</InstdAmt>
       </Amt>
       <CdtrAgt>
          <FinInstnId>
             <BIC>CCRIES2A118</BIC>
          </FinInstnId>
       </CdtrAgt>
       <Cdtr>
          <Nm>RAGA ROSALENY VICTOR</Nm>
           <Id>
               <OrgId>
                  <Othr>
                     <Id>24336911J</Id>
                  </Othr>
               </OrgId>
           </Id>
        </Cdtr>
        <CdtrAcct>
           <Id>
              <IBAN>ES5931182027552810021391</IBAN>
           </Id>
        </CdtrAcct>
      <Purp>
         <Cd>SALA</Cd>
      </Purp>
      <RmtInf>
         <Ustrd>Pago N mina 04/09/2017 Importe 8,89</Ustrd>
      </RmtInf>
   </CdtTrfTxInf>
   <CdtTrfTxInf>
      <PmtId>
         <EndToEndId>73763925G</EndToEndId>
      </PmtId>
      <PmtTpInf>
          <SvcLvl><Cd>SEPA</Cd></SvcLvl>
          <CtgyPurp><Cd>SALA</Cd></CtgyPurp>
       </PmtTpInf>
       <Amt>
          <InstdAmt Ccy="EUR">11</InstdAmt>
       </Amt>
       <CdtrAgt>
          <FinInstnId>
             <BIC>CAIXESBBXXX</BIC>
          </FinInstnId>
       </CdtrAgt>
       <Cdtr>
          <Nm>AGUADO GOMEZ JOSE LUIS</Nm>
           <Id>
               <OrgId>
                  <Othr>
                     <Id>73763925G</Id>
                  </Othr>
               </OrgId>
           </Id>
        </Cdtr>
        <CdtrAcct>
           <Id>
              <IBAN>ES7821006699532100154625</IBAN>
           </Id>
        </CdtrAcct>
      <Purp>
         <Cd>SALA</Cd>
      </Purp>
      <RmtInf>
         <Ustrd>Pago N mina 04/09/2017 Importe 11,00</Ustrd>
      </RmtInf>
   </CdtTrfTxInf>
   <CdtTrfTxInf>
      <PmtId>
         <EndToEndId>73756138Z</EndToEndId>
      </PmtId>
      <PmtTpInf>
          <SvcLvl><Cd>SEPA</Cd></SvcLvl>
          <CtgyPurp><Cd>SALA</Cd></CtgyPurp>
       </PmtTpInf>
       <Amt>
          <InstdAmt Ccy="EUR">13.43</InstdAmt>
       </Amt>
       <CdtrAgt>
          <FinInstnId>
             <BIC>CAIXESBBXXX</BIC>
          </FinInstnId>
       </CdtrAgt>
       <Cdtr>
          <Nm>CUENCA MARRAES ANTONIO</Nm>
           <Id>
               <OrgId>
                  <Othr>
                     <Id>73756138Z</Id>
                  </Othr>
               </OrgId>
           </Id>
        </Cdtr>
        <CdtrAcct>
           <Id>
              <IBAN>ES3421007414942100255592</IBAN>
           </Id>
        </CdtrAcct>
      <Purp>
         <Cd>SALA</Cd>
      </Purp>
      <RmtInf>
         <Ustrd>Pago N mina 04/09/2017 Importe 13,43</Ustrd>
      </RmtInf>
   </CdtTrfTxInf>
   <CdtTrfTxInf>
      <PmtId>
         <EndToEndId>24320294W</EndToEndId>
      </PmtId>
      <PmtTpInf>
          <SvcLvl><Cd>SEPA</Cd></SvcLvl>
          <CtgyPurp><Cd>SALA</Cd></CtgyPurp>
       </PmtTpInf>
       <Amt>
          <InstdAmt Ccy="EUR">19.09</InstdAmt>
       </Amt>
       <CdtrAgt>
          <FinInstnId>
             <BIC>CAHMESMMXXX</BIC>
          </FinInstnId>
       </CdtrAgt>
       <Cdtr>
          <Nm>DE LA CRUZ MARTINEZ TOMAS</Nm>
           <Id>
               <OrgId>
                  <Othr>
                     <Id>24320294W</Id>
                  </Othr>
               </OrgId>
           </Id>
        </Cdtr>
        <CdtrAcct>
           <Id>
              <IBAN>ES7920386078513000124268</IBAN>
           </Id>
        </CdtrAcct>
      <Purp>
         <Cd>SALA</Cd>
      </Purp>
      <RmtInf>
         <Ustrd>Pago N mina 04/09/2017 Importe 19,09</Ustrd>
      </RmtInf>
   </CdtTrfTxInf>
   <CdtTrfTxInf>
      <PmtId>
         <EndToEndId>24331246Y</EndToEndId>
      </PmtId>
      <PmtTpInf>
          <SvcLvl><Cd>SEPA</Cd></SvcLvl>
          <CtgyPurp><Cd>SALA</Cd></CtgyPurp>
       </PmtTpInf>
       <Amt>
          <InstdAmt Ccy="EUR">7.66</InstdAmt>
       </Amt>
       <CdtrAgt>
          <FinInstnId>
             <BIC>CCRIES2A118</BIC>
          </FinInstnId>
       </CdtrAgt>
       <Cdtr>
          <Nm>SERRA MORATO ANTONIO</Nm>
           <Id>
               <OrgId>
                  <Othr>
                     <Id>24331246Y</Id>
                  </Othr>
               </OrgId>
           </Id>
        </Cdtr>
        <CdtrAcct>
           <Id>
              <IBAN>ES6631182027542810701284</IBAN>
           </Id>
        </CdtrAcct>
      <Purp>
         <Cd>SALA</Cd>
      </Purp>
      <RmtInf>
         <Ustrd>Pago N mina 04/09/2017 Importe 7,66</Ustrd>
      </RmtInf>
   </CdtTrfTxInf>
   <CdtTrfTxInf>
      <PmtId>
         <EndToEndId>49180368C</EndToEndId>
      </PmtId>
      <PmtTpInf>
          <SvcLvl><Cd>SEPA</Cd></SvcLvl>
          <CtgyPurp><Cd>SALA</Cd></CtgyPurp>
       </PmtTpInf>
       <Amt>
          <InstdAmt Ccy="EUR">12.99</InstdAmt>
       </Amt>
       <CdtrAgt>
          <FinInstnId>
             <BIC>CAIXESBBXXX</BIC>
          </FinInstnId>
       </CdtrAgt>
       <Cdtr>
          <Nm>ROMERO NOBLET GUILLERMO</Nm>
           <Id>
               <OrgId>
                  <Othr>
                     <Id>49180368C</Id>
                  </Othr>
               </OrgId>
           </Id>
        </Cdtr>
        <CdtrAcct>
           <Id>
              <IBAN>ES9321002805110100322663</IBAN>
           </Id>
        </CdtrAcct>
      <Purp>
         <Cd>SALA</Cd>
      </Purp>
      <RmtInf>
         <Ustrd>Pago N mina 04/09/2017 Importe 12,99</Ustrd>
      </RmtInf>
   </CdtTrfTxInf>
   <CdtTrfTxInf>
      <PmtId>
         <EndToEndId>52636986Z</EndToEndId>
      </PmtId>
      <PmtTpInf>
          <SvcLvl><Cd>SEPA</Cd></SvcLvl>
          <CtgyPurp><Cd>SALA</Cd></CtgyPurp>
       </PmtTpInf>
       <Amt>
          <InstdAmt Ccy="EUR">13.1</InstdAmt>
       </Amt>
       <CdtrAgt>
          <FinInstnId>
             <BIC>BCOEESMM159</BIC>
          </FinInstnId>
       </CdtrAgt>
       <Cdtr>
          <Nm>SANCHEZ GURILLO DAVID</Nm>
           <Id>
               <OrgId>
                  <Othr>
                     <Id>52636986Z</Id>
                  </Othr>
               </OrgId>
           </Id>
        </Cdtr>
        <CdtrAcct>
           <Id>
              <IBAN>ES7031590052352185075310</IBAN>
           </Id>
        </CdtrAcct>
      <Purp>
         <Cd>SALA</Cd>
      </Purp>
      <RmtInf>
         <Ustrd>Pago N mina 04/09/2017 Importe 13,10</Ustrd>
      </RmtInf>
   </CdtTrfTxInf>
   <CdtTrfTxInf>
      <PmtId>
         <EndToEndId>44876304S</EndToEndId>
      </PmtId>
      <PmtTpInf>
          <SvcLvl><Cd>SEPA</Cd></SvcLvl>
          <CtgyPurp><Cd>SALA</Cd></CtgyPurp>
       </PmtTpInf>
       <Amt>
          <InstdAmt Ccy="EUR">212.15</InstdAmt>
       </Amt>
       <CdtrAgt>
          <FinInstnId>
             <BIC>CAIXESBBXXX</BIC>
          </FinInstnId>
       </CdtrAgt>
       <Cdtr>
          <Nm>CHANZA GONZALEZ CARLOS</Nm>
           <Id>
               <OrgId>
                  <Othr>
                     <Id>44876304S</Id>
                  </Othr>
               </OrgId>
           </Id>
        </Cdtr>
        <CdtrAcct>
           <Id>
              <IBAN>ES7221007414912100345265</IBAN>
           </Id>
        </CdtrAcct>
      <Purp>
         <Cd>SALA</Cd>
      </Purp>
      <RmtInf>
         <Ustrd>Pago N mina 04/09/2017 Importe 212,15</Ustrd>
      </RmtInf>
   </CdtTrfTxInf>
   <CdtTrfTxInf>
      <PmtId>
         <EndToEndId>X4383770Q</EndToEndId>
      </PmtId>
      <PmtTpInf>
          <SvcLvl><Cd>SEPA</Cd></SvcLvl>
          <CtgyPurp><Cd>SALA</Cd></CtgyPurp>
       </PmtTpInf>
       <Amt>
          <InstdAmt Ccy="EUR">538.81</InstdAmt>
       </Amt>
       <CdtrAgt>
          <FinInstnId>
             <BIC>CAIXESBBXXX</BIC>
          </FinInstnId>
       </CdtrAgt>
       <Cdtr>
          <Nm>VARGAS SALVATIERRA MILTON G.</Nm>
           <Id>
               <OrgId>
                  <Othr>
                     <Id>X4383770Q</Id>
                  </Othr>
               </OrgId>
           </Id>
        </Cdtr>
        <CdtrAcct>
           <Id>
              <IBAN>ES4421007343210100037470</IBAN>
           </Id>
        </CdtrAcct>
      <Purp>
         <Cd>SALA</Cd>
      </Purp>
      <RmtInf>
         <Ustrd>Pago N mina 04/09/2017 Importe 538,81</Ustrd>
      </RmtInf>
   </CdtTrfTxInf>
   <CdtTrfTxInf>
      <PmtId>
         <EndToEndId>25387138Z</EndToEndId>
      </PmtId>
      <PmtTpInf>
          <SvcLvl><Cd>SEPA</Cd></SvcLvl>
          <CtgyPurp><Cd>SALA</Cd></CtgyPurp>
       </PmtTpInf>
       <Amt>
          <InstdAmt Ccy="EUR">11.78</InstdAmt>
       </Amt>
       <CdtrAgt>
          <FinInstnId>
             <BIC>CCRIES2AXXX</BIC>
          </FinInstnId>
       </CdtrAgt>
       <Cdtr>
          <Nm>LOPEZ PEREZ FCO. JAVIER</Nm>
           <Id>
               <OrgId>
                  <Othr>
                     <Id>25387138Z</Id>
                  </Othr>
               </OrgId>
           </Id>
        </Cdtr>
        <CdtrAcct>
           <Id>
              <IBAN>ES2130582276352810034113</IBAN>
           </Id>
        </CdtrAcct>
      <Purp>
         <Cd>SALA</Cd>
      </Purp>
      <RmtInf>
         <Ustrd>Pago N mina 04/09/2017 Importe 11,78</Ustrd>
      </RmtInf>
   </CdtTrfTxInf>
   <CdtTrfTxInf>
      <PmtId>
         <EndToEndId>73763839X</EndToEndId>
      </PmtId>
      <PmtTpInf>
          <SvcLvl><Cd>SEPA</Cd></SvcLvl>
          <CtgyPurp><Cd>SALA</Cd></CtgyPurp>
       </PmtTpInf>
       <Amt>
          <InstdAmt Ccy="EUR">11.36</InstdAmt>
       </Amt>
       <CdtrAgt>
          <FinInstnId>
             <BIC>CCRIES2AXXX</BIC>
          </FinInstnId>
       </CdtrAgt>
       <Cdtr>
          <Nm>AYALA BELENGUER FRANCISCO MOISES</Nm>
           <Id>
               <OrgId>
                  <Othr>
                     <Id>73763839X</Id>
                  </Othr>
               </OrgId>
           </Id>
        </Cdtr>
        <CdtrAcct>
           <Id>
              <IBAN>ES8730582276312810009841</IBAN>
           </Id>
        </CdtrAcct>
      <Purp>
         <Cd>SALA</Cd>
      </Purp>
      <RmtInf>
         <Ustrd>Pago N mina 04/09/2017 Importe 11,36</Ustrd>
      </RmtInf>
   </CdtTrfTxInf>
   <CdtTrfTxInf>
      <PmtId>
         <EndToEndId>53759772D</EndToEndId>
      </PmtId>
      <PmtTpInf>
          <SvcLvl><Cd>SEPA</Cd></SvcLvl>
          <CtgyPurp><Cd>SALA</Cd></CtgyPurp>
       </PmtTpInf>
       <Amt>
          <InstdAmt Ccy="EUR">212.84</InstdAmt>
       </Amt>
       <CdtrAgt>
          <FinInstnId>
             <BIC>GBMNESMMXXX</BIC>
          </FinInstnId>
       </CdtrAgt>
       <Cdtr>
          <Nm>CARBONELL HERNANDEZ JOSE</Nm>
           <Id>
               <OrgId>
                  <Othr>
                     <Id>53759772D</Id>
                  </Othr>
               </OrgId>
           </Id>
        </Cdtr>
        <CdtrAcct>
           <Id>
              <IBAN>ES6304870358559000314743</IBAN>
           </Id>
        </CdtrAcct>
      <Purp>
         <Cd>SALA</Cd>
      </Purp>
      <RmtInf>
         <Ustrd>Pago N mina 04/09/2017 Importe 212,84</Ustrd>
      </RmtInf>
   </CdtTrfTxInf>
   <CdtTrfTxInf>
      <PmtId>
         <EndToEndId>53604356G</EndToEndId>
      </PmtId>
      <PmtTpInf>
          <SvcLvl><Cd>SEPA</Cd></SvcLvl>
          <CtgyPurp><Cd>SALA</Cd></CtgyPurp>
       </PmtTpInf>
       <Amt>
          <InstdAmt Ccy="EUR">189.78</InstdAmt>
       </Amt>
       <CdtrAgt>
          <FinInstnId>
             <BIC>CAHMESMMXXX</BIC>
          </FinInstnId>
       </CdtrAgt>
       <Cdtr>
          <Nm>GIL VALIENTE RICARDO</Nm>
           <Id>
               <OrgId>
                  <Othr>
                     <Id>53604356G</Id>
                  </Othr>
               </OrgId>
           </Id>
        </Cdtr>
        <CdtrAcct>
           <Id>
              <IBAN>ES0820386301313000076770</IBAN>
           </Id>
        </CdtrAcct>
      <Purp>
         <Cd>SALA</Cd>
      </Purp>
      <RmtInf>
         <Ustrd>Pago N mina 04/09/2017 Importe 189,78</Ustrd>
      </RmtInf>
   </CdtTrfTxInf>
   <CdtTrfTxInf>
      <PmtId>
         <EndToEndId>X2872406M</EndToEndId>
      </PmtId>
      <PmtTpInf>
          <SvcLvl><Cd>SEPA</Cd></SvcLvl>
          <CtgyPurp><Cd>SALA</Cd></CtgyPurp>
       </PmtTpInf>
       <Amt>
          <InstdAmt Ccy="EUR">13.22</InstdAmt>
       </Amt>
       <CdtrAgt>
          <FinInstnId>
             <BIC>PIESESM1XXX</BIC>
          </FinInstnId>
       </CdtrAgt>
       <Cdtr>
          <Nm>PAUCAR SALAS ANGEL POLIVIO</Nm>
           <Id>
               <OrgId>
                  <Othr>
                     <Id>X2872406M</Id>
                  </Othr>
               </OrgId>
           </Id>
        </Cdtr>
        <CdtrAcct>
           <Id>
              <IBAN>ES3202350205720044386621</IBAN>
           </Id>
        </CdtrAcct>
      <Purp>
         <Cd>SALA</Cd>
      </Purp>
      <RmtInf>
         <Ustrd>Pago N mina 04/09/2017 Importe 13,22</Ustrd>
      </RmtInf>
   </CdtTrfTxInf>
   <CdtTrfTxInf>
      <PmtId>
         <EndToEndId>73758489L</EndToEndId>
      </PmtId>
      <PmtTpInf>
          <SvcLvl><Cd>SEPA</Cd></SvcLvl>
          <CtgyPurp><Cd>SALA</Cd></CtgyPurp>
       </PmtTpInf>
       <Amt>
          <InstdAmt Ccy="EUR">10.49</InstdAmt>
       </Amt>
       <CdtrAgt>
          <FinInstnId>
             <BIC>BCOEESMM159</BIC>
          </FinInstnId>
       </CdtrAgt>
       <Cdtr>
          <Nm>MORENO SANTIAGO FRANCISCO</Nm>
           <Id>
               <OrgId>
                  <Othr>
                     <Id>73758489L</Id>
                  </Othr>
               </OrgId>
           </Id>
        </Cdtr>
        <CdtrAcct>
           <Id>
              <IBAN>ES0631590020212460482215</IBAN>
           </Id>
        </CdtrAcct>
      <Purp>
         <Cd>SALA</Cd>
      </Purp>
      <RmtInf>
         <Ustrd>Pago N mina 04/09/2017 Importe 10,49</Ustrd>
      </RmtInf>
   </CdtTrfTxInf>
   <CdtTrfTxInf>
      <PmtId>
         <EndToEndId>24398106M</EndToEndId>
      </PmtId>
      <PmtTpInf>
          <SvcLvl><Cd>SEPA</Cd></SvcLvl>
          <CtgyPurp><Cd>SALA</Cd></CtgyPurp>
       </PmtTpInf>
       <Amt>
          <InstdAmt Ccy="EUR">58.38</InstdAmt>
       </Amt>
       <CdtrAgt>
          <FinInstnId>
             <BIC>CAIXESBBXXX</BIC>
          </FinInstnId>
       </CdtrAgt>
       <Cdtr>
          <Nm>MORENO SANTIAGO BALTASAR</Nm>
           <Id>
               <OrgId>
                  <Othr>
                     <Id>24398106M</Id>
                  </Othr>
               </OrgId>
           </Id>
        </Cdtr>
        <CdtrAcct>
           <Id>
              <IBAN>ES7221003852620100278862</IBAN>
           </Id>
        </CdtrAcct>
      <Purp>
         <Cd>SALA</Cd>
      </Purp>
      <RmtInf>
         <Ustrd>Pago N mina 04/09/2017 Importe 58,38</Ustrd>
      </RmtInf>
   </CdtTrfTxInf>
   <CdtTrfTxInf>
      <PmtId>
         <EndToEndId>29211553N</EndToEndId>
      </PmtId>
      <PmtTpInf>
          <SvcLvl><Cd>SEPA</Cd></SvcLvl>
          <CtgyPurp><Cd>SALA</Cd></CtgyPurp>
       </PmtTpInf>
       <Amt>
          <InstdAmt Ccy="EUR">10.48</InstdAmt>
       </Amt>
       <CdtrAgt>
          <FinInstnId>
             <BIC>BCOEESMM159</BIC>
          </FinInstnId>
       </CdtrAgt>
       <Cdtr>
          <Nm>MORENO SANTIAGO MARCOS</Nm>
           <Id>
               <OrgId>
                  <Othr>
                     <Id>29211553N</Id>
                  </Othr>
               </OrgId>
           </Id>
        </Cdtr>
        <CdtrAcct>
           <Id>
              <IBAN>ES8631590020262089656611</IBAN>
           </Id>
        </CdtrAcct>
      <Purp>
         <Cd>SALA</Cd>
      </Purp>
      <RmtInf>
         <Ustrd>Pago N mina 04/09/2017 Importe 10,48</Ustrd>
      </RmtInf>
   </CdtTrfTxInf>
   <CdtTrfTxInf>
      <PmtId>
         <EndToEndId>05193535C</EndToEndId>
      </PmtId>
      <PmtTpInf>
          <SvcLvl><Cd>SEPA</Cd></SvcLvl>
          <CtgyPurp><Cd>SALA</Cd></CtgyPurp>
       </PmtTpInf>
       <Amt>
          <InstdAmt Ccy="EUR">51.42</InstdAmt>
       </Amt>
       <CdtrAgt>
          <FinInstnId>
             <BIC>BCOEESMM159</BIC>
          </FinInstnId>
       </CdtrAgt>
       <Cdtr>
          <Nm>MORENO SANTIAGO FRANCISCO</Nm>
           <Id>
               <OrgId>
                  <Othr>
                     <Id>05193535C</Id>
                  </Othr>
               </OrgId>
           </Id>
        </Cdtr>
        <CdtrAcct>
           <Id>
              <IBAN>ES1631590020212129583510</IBAN>
           </Id>
        </CdtrAcct>
      <Purp>
         <Cd>SALA</Cd>
      </Purp>
      <RmtInf>
         <Ustrd>Pago N mina 04/09/2017 Importe 51,42</Ustrd>
      </RmtInf>
   </CdtTrfTxInf>
   <CdtTrfTxInf>
      <PmtId>
         <EndToEndId>48585441B</EndToEndId>
      </PmtId>
      <PmtTpInf>
          <SvcLvl><Cd>SEPA</Cd></SvcLvl>
          <CtgyPurp><Cd>SALA</Cd></CtgyPurp>
       </PmtTpInf>
       <Amt>
          <InstdAmt Ccy="EUR">12.09</InstdAmt>
       </Amt>
       <CdtrAgt>
          <FinInstnId>
             <BIC>BCOEESMM159</BIC>
          </FinInstnId>
       </CdtrAgt>
       <Cdtr>
          <Nm>SANTIAGO FERNANDEZ BALTASAR</Nm>
           <Id>
               <OrgId>
                  <Othr>
                     <Id>48585441B</Id>
                  </Othr>
               </OrgId>
           </Id>
        </Cdtr>
        <CdtrAcct>
           <Id>
              <IBAN>ES9031590020212087641318</IBAN>
           </Id>
        </CdtrAcct>
      <Purp>
         <Cd>SALA</Cd>
      </Purp>
      <RmtInf>
         <Ustrd>Pago N mina 04/09/2017 Importe 12,09</Ustrd>
      </RmtInf>
   </CdtTrfTxInf>
   <CdtTrfTxInf>
      <PmtId>
         <EndToEndId>44528932N</EndToEndId>
      </PmtId>
      <PmtTpInf>
          <SvcLvl><Cd>SEPA</Cd></SvcLvl>
          <CtgyPurp><Cd>SALA</Cd></CtgyPurp>
       </PmtTpInf>
       <Amt>
          <InstdAmt Ccy="EUR">12.47</InstdAmt>
       </Amt>
       <CdtrAgt>
          <FinInstnId>
             <BIC>CAHMESMMXXX</BIC>
          </FinInstnId>
       </CdtrAgt>
       <Cdtr>
          <Nm>LLORENTE LOPEZ BLAS</Nm>
           <Id>
               <OrgId>
                  <Othr>
                     <Id>44528932N</Id>
                  </Othr>
               </OrgId>
           </Id>
        </Cdtr>
        <CdtrAcct>
           <Id>
              <IBAN>ES6720386533143000291048</IBAN>
           </Id>
        </CdtrAcct>
      <Purp>
         <Cd>SALA</Cd>
      </Purp>
      <RmtInf>
         <Ustrd>Pago N mina 04/09/2017 Importe 12,47</Ustrd>
      </RmtInf>
   </CdtTrfTxInf>
   <CdtTrfTxInf>
      <PmtId>
         <EndToEndId>53609839J</EndToEndId>
      </PmtId>
      <PmtTpInf>
          <SvcLvl><Cd>SEPA</Cd></SvcLvl>
          <CtgyPurp><Cd>SALA</Cd></CtgyPurp>
       </PmtTpInf>
       <Amt>
          <InstdAmt Ccy="EUR">99.35</InstdAmt>
       </Amt>
       <CdtrAgt>
          <FinInstnId>
             <BIC>BSABESBBXXX</BIC>
          </FinInstnId>
       </CdtrAgt>
       <Cdtr>
          <Nm>HERNANDEZ CARBONELL ANTONIO</Nm>
           <Id>
               <OrgId>
                  <Othr>
                     <Id>53609839J</Id>
                  </Othr>
               </OrgId>
           </Id>
        </Cdtr>
        <CdtrAcct>
           <Id>
              <IBAN>ES1900810320060006574363</IBAN>
           </Id>
        </CdtrAcct>
      <Purp>
         <Cd>SALA</Cd>
      </Purp>
      <RmtInf>
         <Ustrd>Pago N mina 04/09/2017 Importe 99,35</Ustrd>
      </RmtInf>
   </CdtTrfTxInf>
   <CdtTrfTxInf>
      <PmtId>
         <EndToEndId>53200988X</EndToEndId>
      </PmtId>
      <PmtTpInf>
          <SvcLvl><Cd>SEPA</Cd></SvcLvl>
          <CtgyPurp><Cd>SALA</Cd></CtgyPurp>
       </PmtTpInf>
       <Amt>
          <InstdAmt Ccy="EUR">15.96</InstdAmt>
       </Amt>
       <CdtrAgt>
          <FinInstnId>
             <BIC>BFIVESBBXXX</BIC>
          </FinInstnId>
       </CdtrAgt>
       <Cdtr>
          <Nm>VILLAPLANA ROMAGUERA JOSE V.</Nm>
           <Id>
               <OrgId>
                  <Othr>
                     <Id>53200988X</Id>
                  </Othr>
               </OrgId>
           </Id>
        </Cdtr>
        <CdtrAcct>
           <Id>
              <IBAN>ES8901860091220508809697</IBAN>
           </Id>
        </CdtrAcct>
      <Purp>
         <Cd>SALA</Cd>
      </Purp>
      <RmtInf>
         <Ustrd>Pago N mina 04/09/2017 Importe 15,96</Ustrd>
      </RmtInf>
   </CdtTrfTxInf>
   <CdtTrfTxInf>
      <PmtId>
         <EndToEndId>X4230587J</EndToEndId>
      </PmtId>
      <PmtTpInf>
          <SvcLvl><Cd>SEPA</Cd></SvcLvl>
          <CtgyPurp><Cd>SALA</Cd></CtgyPurp>
       </PmtTpInf>
       <Amt>
          <InstdAmt Ccy="EUR">11.72</InstdAmt>
       </Amt>
       <CdtrAgt>
          <FinInstnId>
             <BIC>CAIXESBBXXX</BIC>
          </FinInstnId>
       </CdtrAgt>
       <Cdtr>
          <Nm>ORDO EZ URE A EDGAR RUBEN</Nm>
           <Id>
               <OrgId>
                  <Othr>
                     <Id>X4230587J</Id>
                  </Othr>
               </OrgId>
           </Id>
        </Cdtr>
        <CdtrAcct>
           <Id>
              <IBAN>ES6821000984572100023744</IBAN>
           </Id>
        </CdtrAcct>
      <Purp>
         <Cd>SALA</Cd>
      </Purp>
      <RmtInf>
         <Ustrd>Pago N mina 04/09/2017 Importe 11,72</Ustrd>
      </RmtInf>
   </CdtTrfTxInf>
   <CdtTrfTxInf>
      <PmtId>
         <EndToEndId>X3641845W</EndToEndId>
      </PmtId>
      <PmtTpInf>
          <SvcLvl><Cd>SEPA</Cd></SvcLvl>
          <CtgyPurp><Cd>SALA</Cd></CtgyPurp>
       </PmtTpInf>
       <Amt>
          <InstdAmt Ccy="EUR">12.13</InstdAmt>
       </Amt>
       <CdtrAgt>
          <FinInstnId>
             <BIC>CAIXESBBXXX</BIC>
          </FinInstnId>
       </CdtrAgt>
       <Cdtr>
          <Nm>GARCIA LEDESMA WASHINGTON ORESTES</Nm>
           <Id>
               <OrgId>
                  <Othr>
                     <Id>X3641845W</Id>
                  </Othr>
               </OrgId>
           </Id>
        </Cdtr>
        <CdtrAcct>
           <Id>
              <IBAN>ES0821005068502100060363</IBAN>
           </Id>
        </CdtrAcct>
      <Purp>
         <Cd>SALA</Cd>
      </Purp>
      <RmtInf>
         <Ustrd>Pago N mina 04/09/2017 Importe 12,13</Ustrd>
      </RmtInf>
   </CdtTrfTxInf>
   <CdtTrfTxInf>
      <PmtId>
         <EndToEndId>73942202P</EndToEndId>
      </PmtId>
      <PmtTpInf>
          <SvcLvl><Cd>SEPA</Cd></SvcLvl>
          <CtgyPurp><Cd>SALA</Cd></CtgyPurp>
       </PmtTpInf>
       <Amt>
          <InstdAmt Ccy="EUR">15.47</InstdAmt>
       </Amt>
       <CdtrAgt>
          <FinInstnId>
             <BIC>CAHMESMMXXX</BIC>
          </FinInstnId>
       </CdtrAgt>
       <Cdtr>
          <Nm>NOGUES NOGUES VICENTE</Nm>
           <Id>
               <OrgId>
                  <Othr>
                     <Id>73942202P</Id>
                  </Othr>
               </OrgId>
           </Id>
        </Cdtr>
        <CdtrAcct>
           <Id>
              <IBAN>ES7720386314403000396477</IBAN>
           </Id>
        </CdtrAcct>
      <Purp>
         <Cd>SALA</Cd>
      </Purp>
      <RmtInf>
         <Ustrd>Pago N mina 04/09/2017 Importe 15,47</Ustrd>
      </RmtInf>
   </CdtTrfTxInf>
   <CdtTrfTxInf>
      <PmtId>
         <EndToEndId>20792757K</EndToEndId>
      </PmtId>
      <PmtTpInf>
          <SvcLvl><Cd>SEPA</Cd></SvcLvl>
          <CtgyPurp><Cd>SALA</Cd></CtgyPurp>
       </PmtTpInf>
       <Amt>
          <InstdAmt Ccy="EUR">9.09</InstdAmt>
       </Amt>
       <CdtrAgt>
          <FinInstnId>
             <BIC>CAHMESMMXXX</BIC>
          </FinInstnId>
       </CdtrAgt>
       <Cdtr>
          <Nm>ORTU O RODENAS JOSE</Nm>
           <Id>
               <OrgId>
                  <Othr>
                     <Id>20792757K</Id>
                  </Othr>
               </OrgId>
           </Id>
        </Cdtr>
        <CdtrAcct>
           <Id>
              <IBAN>ES2820386314463000193074</IBAN>
           </Id>
        </CdtrAcct>
      <Purp>
         <Cd>SALA</Cd>
      </Purp>
      <RmtInf>
         <Ustrd>Pago N mina 04/09/2017 Importe 9,09</Ustrd>
      </RmtInf>
   </CdtTrfTxInf>
   <CdtTrfTxInf>
      <PmtId>
         <EndToEndId>20776782P</EndToEndId>
      </PmtId>
      <PmtTpInf>
          <SvcLvl><Cd>SEPA</Cd></SvcLvl>
          <CtgyPurp><Cd>SALA</Cd></CtgyPurp>
       </PmtTpInf>
       <Amt>
          <InstdAmt Ccy="EUR">8.81</InstdAmt>
       </Amt>
       <CdtrAgt>
          <FinInstnId>
             <BIC>CAHMESMMXXX</BIC>
          </FinInstnId>
       </CdtrAgt>
       <Cdtr>
          <Nm>GRAU RIERA BAUTISTA</Nm>
           <Id>
               <OrgId>
                  <Othr>
                     <Id>20776782P</Id>
                  </Othr>
               </OrgId>
           </Id>
        </Cdtr>
        <CdtrAcct>
           <Id>
              <IBAN>ES5120386314493000527551</IBAN>
           </Id>
        </CdtrAcct>
      <Purp>
         <Cd>SALA</Cd>
      </Purp>
      <RmtInf>
         <Ustrd>Pago N mina 04/09/2017 Importe 8,81</Ustrd>
      </RmtInf>
   </CdtTrfTxInf>
   <CdtTrfTxInf>
      <PmtId>
         <EndToEndId>20774410M</EndToEndId>
      </PmtId>
      <PmtTpInf>
          <SvcLvl><Cd>SEPA</Cd></SvcLvl>
          <CtgyPurp><Cd>SALA</Cd></CtgyPurp>
       </PmtTpInf>
       <Amt>
          <InstdAmt Ccy="EUR">9.02</InstdAmt>
       </Amt>
       <CdtrAgt>
          <FinInstnId>
             <BIC>CAHMESMMXXX</BIC>
          </FinInstnId>
       </CdtrAgt>
       <Cdtr>
          <Nm>LAFUENTE MARTINEZ ROBERTO</Nm>
           <Id>
               <OrgId>
                  <Othr>
                     <Id>20774410M</Id>
                  </Othr>
               </OrgId>
           </Id>
        </Cdtr>
        <CdtrAcct>
           <Id>
              <IBAN>ES1120386314493001605941</IBAN>
           </Id>
        </CdtrAcct>
      <Purp>
         <Cd>SALA</Cd>
      </Purp>
      <RmtInf>
         <Ustrd>Pago N mina 04/09/2017 Importe 9,02</Ustrd>
      </RmtInf>
   </CdtTrfTxInf>
   <CdtTrfTxInf>
      <PmtId>
         <EndToEndId>53206643F</EndToEndId>
      </PmtId>
      <PmtTpInf>
          <SvcLvl><Cd>SEPA</Cd></SvcLvl>
          <CtgyPurp><Cd>SALA</Cd></CtgyPurp>
       </PmtTpInf>
       <Amt>
          <InstdAmt Ccy="EUR">273.73</InstdAmt>
       </Amt>
       <CdtrAgt>
          <FinInstnId>
             <BIC>CAIXESBBXXX</BIC>
          </FinInstnId>
       </CdtrAgt>
       <Cdtr>
          <Nm>CARBONELL CARBONELL ANTONIO</Nm>
           <Id>
               <OrgId>
                  <Othr>
                     <Id>53206643F</Id>
                  </Othr>
               </OrgId>
           </Id>
        </Cdtr>
        <CdtrAcct>
           <Id>
              <IBAN>ES5121001779510100628742</IBAN>
           </Id>
        </CdtrAcct>
      <Purp>
         <Cd>SALA</Cd>
      </Purp>
      <RmtInf>
         <Ustrd>Pago N mina 04/09/2017 Importe 273,73</Ustrd>
      </RmtInf>
   </CdtTrfTxInf>
   <CdtTrfTxInf>
      <PmtId>
         <EndToEndId>X4022183N</EndToEndId>
      </PmtId>
      <PmtTpInf>
          <SvcLvl><Cd>SEPA</Cd></SvcLvl>
          <CtgyPurp><Cd>SALA</Cd></CtgyPurp>
       </PmtTpInf>
       <Amt>
          <InstdAmt Ccy="EUR">270.57</InstdAmt>
       </Amt>
       <CdtrAgt>
          <FinInstnId>
             <BIC>BCOEESMM159</BIC>
          </FinInstnId>
       </CdtrAgt>
       <Cdtr>
          <Nm>KHALID MEHMOOD</Nm>
           <Id>
               <OrgId>
                  <Othr>
                     <Id>X4022183N</Id>
                  </Othr>
               </OrgId>
           </Id>
        </Cdtr>
        <CdtrAcct>
           <Id>
              <IBAN>ES4631590047992275468417</IBAN>
           </Id>
        </CdtrAcct>
      <Purp>
         <Cd>SALA</Cd>
      </Purp>
      <RmtInf>
         <Ustrd>Pago N mina 04/09/2017 Importe 270,57</Ustrd>
      </RmtInf>
   </CdtTrfTxInf>
   <CdtTrfTxInf>
      <PmtId>
         <EndToEndId>24340227V</EndToEndId>
      </PmtId>
      <PmtTpInf>
          <SvcLvl><Cd>SEPA</Cd></SvcLvl>
          <CtgyPurp><Cd>SALA</Cd></CtgyPurp>
       </PmtTpInf>
       <Amt>
          <InstdAmt Ccy="EUR">15.91</InstdAmt>
       </Amt>
       <CdtrAgt>
          <FinInstnId>
             <BIC>BSABESBBXXX</BIC>
          </FinInstnId>
       </CdtrAgt>
       <Cdtr>
          <Nm>HERNANDEZ CORTES ANTONIO</Nm>
           <Id>
               <OrgId>
                  <Othr>
                     <Id>24340227V</Id>
                  </Othr>
               </OrgId>
           </Id>
        </Cdtr>
        <CdtrAcct>
           <Id>
              <IBAN>ES5300810320030006510266</IBAN>
           </Id>
        </CdtrAcct>
      <Purp>
         <Cd>SALA</Cd>
      </Purp>
      <RmtInf>
         <Ustrd>Pago N mina 04/09/2017 Importe 15,91</Ustrd>
      </RmtInf>
   </CdtTrfTxInf>
   <CdtTrfTxInf>
      <PmtId>
         <EndToEndId>73941734T</EndToEndId>
      </PmtId>
      <PmtTpInf>
          <SvcLvl><Cd>SEPA</Cd></SvcLvl>
          <CtgyPurp><Cd>SALA</Cd></CtgyPurp>
       </PmtTpInf>
       <Amt>
          <InstdAmt Ccy="EUR">224.98</InstdAmt>
       </Amt>
       <CdtrAgt>
          <FinInstnId>
             <BIC>CAHMESMMXXX</BIC>
          </FinInstnId>
       </CdtrAgt>
       <Cdtr>
          <Nm>HEREDIA GIMENEZ MIGUEL</Nm>
           <Id>
               <OrgId>
                  <Othr>
                     <Id>73941734T</Id>
                  </Othr>
               </OrgId>
           </Id>
        </Cdtr>
        <CdtrAcct>
           <Id>
              <IBAN>ES5920386314413000104976</IBAN>
           </Id>
        </CdtrAcct>
      <Purp>
         <Cd>SALA</Cd>
      </Purp>
      <RmtInf>
         <Ustrd>Pago N mina 04/09/2017 Importe 224,98</Ustrd>
      </RmtInf>
   </CdtTrfTxInf>
   <CdtTrfTxInf>
      <PmtId>
         <EndToEndId>20807379S</EndToEndId>
      </PmtId>
      <PmtTpInf>
          <SvcLvl><Cd>SEPA</Cd></SvcLvl>
          <CtgyPurp><Cd>SALA</Cd></CtgyPurp>
       </PmtTpInf>
       <Amt>
          <InstdAmt Ccy="EUR">91.32</InstdAmt>
       </Amt>
       <CdtrAgt>
          <FinInstnId>
             <BIC>CAHMESMMXXX</BIC>
          </FinInstnId>
       </CdtrAgt>
       <Cdtr>
          <Nm>HERNANDIS FIGUERES VICENTE</Nm>
           <Id>
               <OrgId>
                  <Othr>
                     <Id>20807379S</Id>
                  </Othr>
               </OrgId>
           </Id>
        </Cdtr>
        <CdtrAcct>
           <Id>
              <IBAN>ES1120386314433000449801</IBAN>
           </Id>
        </CdtrAcct>
      <Purp>
         <Cd>SALA</Cd>
      </Purp>
      <RmtInf>
         <Ustrd>Pago N mina 04/09/2017 Importe 91,32</Ustrd>
      </RmtInf>
   </CdtTrfTxInf>
   <CdtTrfTxInf>
      <PmtId>
         <EndToEndId>73756604C</EndToEndId>
      </PmtId>
      <PmtTpInf>
          <SvcLvl><Cd>SEPA</Cd></SvcLvl>
          <CtgyPurp><Cd>SALA</Cd></CtgyPurp>
       </PmtTpInf>
       <Amt>
          <InstdAmt Ccy="EUR">66.25</InstdAmt>
       </Amt>
       <CdtrAgt>
          <FinInstnId>
             <BIC>BSABESBBXXX</BIC>
          </FinInstnId>
       </CdtrAgt>
       <Cdtr>
          <Nm>GOMEZ ROMAGUERA JUAN MIGUEL</Nm>
           <Id>
               <OrgId>
                  <Othr>
                     <Id>73756604C</Id>
                  </Othr>
               </OrgId>
           </Id>
        </Cdtr>
        <CdtrAcct>
           <Id>
              <IBAN>ES7200811310510006091024</IBAN>
           </Id>
        </CdtrAcct>
      <Purp>
         <Cd>SALA</Cd>
      </Purp>
      <RmtInf>
         <Ustrd>Pago N mina 04/09/2017 Importe 66,25</Ustrd>
      </RmtInf>
   </CdtTrfTxInf>
   <CdtTrfTxInf>
      <PmtId>
         <EndToEndId>24386824Q</EndToEndId>
      </PmtId>
      <PmtTpInf>
          <SvcLvl><Cd>SEPA</Cd></SvcLvl>
          <CtgyPurp><Cd>SALA</Cd></CtgyPurp>
       </PmtTpInf>
       <Amt>
          <InstdAmt Ccy="EUR">4072.78</InstdAmt>
       </Amt>
       <CdtrAgt>
          <FinInstnId>
             <BIC>BCOEESMM159</BIC>
          </FinInstnId>
       </CdtrAgt>
       <Cdtr>
          <Nm>MORENO SANTIAGO JUAN JOSE</Nm>
           <Id>
               <OrgId>
                  <Othr>
                     <Id>24386824Q</Id>
                  </Othr>
               </OrgId>
           </Id>
        </Cdtr>
        <CdtrAcct>
           <Id>
              <IBAN>ES1931590020212192854616</IBAN>
           </Id>
        </CdtrAcct>
      <Purp>
         <Cd>SALA</Cd>
      </Purp>
      <RmtInf>
         <Ustrd>Pago N mina 04/09/2017 Importe 4.072,78</Ustrd>
      </RmtInf>
   </CdtTrfTxInf>
   <CdtTrfTxInf>
      <PmtId>
         <EndToEndId>22576601P</EndToEndId>
      </PmtId>
      <PmtTpInf>
          <SvcLvl><Cd>SEPA</Cd></SvcLvl>
          <CtgyPurp><Cd>SALA</Cd></CtgyPurp>
       </PmtTpInf>
       <Amt>
          <InstdAmt Ccy="EUR">49.95</InstdAmt>
       </Amt>
       <CdtrAgt>
          <FinInstnId>
             <BIC>BBVAESMMXXX</BIC>
          </FinInstnId>
       </CdtrAgt>
       <Cdtr>
          <Nm>SANTIAGO FERNANDEZ JOSE GABRIEL</Nm>
           <Id>
               <OrgId>
                  <Othr>
                     <Id>22576601P</Id>
                  </Othr>
               </OrgId>
           </Id>
        </Cdtr>
        <CdtrAcct>
           <Id>
              <IBAN>ES6201821444210201563909</IBAN>
           </Id>
        </CdtrAcct>
      <Purp>
         <Cd>SALA</Cd>
      </Purp>
      <RmtInf>
         <Ustrd>Pago N mina 04/09/2017 Importe 49,95</Ustrd>
      </RmtInf>
   </CdtTrfTxInf>
   <CdtTrfTxInf>
      <PmtId>
         <EndToEndId>73544712G</EndToEndId>
      </PmtId>
      <PmtTpInf>
          <SvcLvl><Cd>SEPA</Cd></SvcLvl>
          <CtgyPurp><Cd>SALA</Cd></CtgyPurp>
       </PmtTpInf>
       <Amt>
          <InstdAmt Ccy="EUR">14.53</InstdAmt>
       </Amt>
       <CdtrAgt>
          <FinInstnId>
             <BIC>BSCHESMMXXX</BIC>
          </FinInstnId>
       </CdtrAgt>
       <Cdtr>
          <Nm>RUESCAS GONZALEZ JOSE FRANCISCO</Nm>
           <Id>
               <OrgId>
                  <Othr>
                     <Id>73544712G</Id>
                  </Othr>
               </OrgId>
           </Id>
        </Cdtr>
        <CdtrAcct>
           <Id>
              <IBAN>ES1300494355802390002519</IBAN>
           </Id>
        </CdtrAcct>
      <Purp>
         <Cd>SALA</Cd>
      </Purp>
      <RmtInf>
         <Ustrd>Pago N mina 04/09/2017 Importe 14,53</Ustrd>
      </RmtInf>
   </CdtTrfTxInf>
   <CdtTrfTxInf>
      <PmtId>
         <EndToEndId>26549739B</EndToEndId>
      </PmtId>
      <PmtTpInf>
          <SvcLvl><Cd>SEPA</Cd></SvcLvl>
          <CtgyPurp><Cd>SALA</Cd></CtgyPurp>
       </PmtTpInf>
       <Amt>
          <InstdAmt Ccy="EUR">12.26</InstdAmt>
       </Amt>
       <CdtrAgt>
          <FinInstnId>
             <BIC>POPUESMMXXX</BIC>
          </FinInstnId>
       </CdtrAgt>
       <Cdtr>
          <Nm>KIKUNAGA MARIATEGUI SANDRO</Nm>
           <Id>
               <OrgId>
                  <Othr>
                     <Id>26549739B</Id>
                  </Othr>
               </OrgId>
           </Id>
        </Cdtr>
        <CdtrAcct>
           <Id>
              <IBAN>ES6600750090910701185323</IBAN>
           </Id>
        </CdtrAcct>
      <Purp>
         <Cd>SALA</Cd>
      </Purp>
      <RmtInf>
         <Ustrd>Pago N mina 04/09/2017 Importe 12,26</Ustrd>
      </RmtInf>
   </CdtTrfTxInf>
   <CdtTrfTxInf>
      <PmtId>
         <EndToEndId>44880626J</EndToEndId>
      </PmtId>
      <PmtTpInf>
          <SvcLvl><Cd>SEPA</Cd></SvcLvl>
          <CtgyPurp><Cd>SALA</Cd></CtgyPurp>
       </PmtTpInf>
       <Amt>
          <InstdAmt Ccy="EUR">11.45</InstdAmt>
       </Amt>
       <CdtrAgt>
          <FinInstnId>
             <BIC>CAIXESBBXXX</BIC>
          </FinInstnId>
       </CdtrAgt>
       <Cdtr>
          <Nm>SANTIAGO MORENO RUBEN</Nm>
           <Id>
               <OrgId>
                  <Othr>
                     <Id>44880626J</Id>
                  </Othr>
               </OrgId>
           </Id>
        </Cdtr>
        <CdtrAcct>
           <Id>
              <IBAN>ES7321007414982100433368</IBAN>
           </Id>
        </CdtrAcct>
      <Purp>
         <Cd>SALA</Cd>
      </Purp>
      <RmtInf>
         <Ustrd>Pago N mina 04/09/2017 Importe 11,45</Ustrd>
      </RmtInf>
   </CdtTrfTxInf>
   <CdtTrfTxInf>
      <PmtId>
         <EndToEndId>53097208Y</EndToEndId>
      </PmtId>
      <PmtTpInf>
          <SvcLvl><Cd>SEPA</Cd></SvcLvl>
          <CtgyPurp><Cd>SALA</Cd></CtgyPurp>
       </PmtTpInf>
       <Amt>
          <InstdAmt Ccy="EUR">9.14</InstdAmt>
       </Amt>
       <CdtrAgt>
          <FinInstnId>
             <BIC>CCRIES2AXXX</BIC>
          </FinInstnId>
       </CdtrAgt>
       <Cdtr>
          <Nm>LOPEZ TORREGROSA ROBERTO</Nm>
           <Id>
               <OrgId>
                  <Othr>
                     <Id>53097208Y</Id>
                  </Othr>
               </OrgId>
           </Id>
        </Cdtr>
        <CdtrAcct>
           <Id>
              <IBAN>ES5130587032882810010844</IBAN>
           </Id>
        </CdtrAcct>
      <Purp>
         <Cd>SALA</Cd>
      </Purp>
      <RmtInf>
         <Ustrd>Pago N mina 04/09/2017 Importe 9,14</Ustrd>
      </RmtInf>
   </CdtTrfTxInf>
   <CdtTrfTxInf>
      <PmtId>
         <EndToEndId>44879951M</EndToEndId>
      </PmtId>
      <PmtTpInf>
          <SvcLvl><Cd>SEPA</Cd></SvcLvl>
          <CtgyPurp><Cd>SALA</Cd></CtgyPurp>
       </PmtTpInf>
       <Amt>
          <InstdAmt Ccy="EUR">12.95</InstdAmt>
       </Amt>
       <CdtrAgt>
          <FinInstnId>
             <BIC>CAIXESBBXXX</BIC>
          </FinInstnId>
       </CdtrAgt>
       <Cdtr>
          <Nm>LOPEZ NACHER DAVID</Nm>
           <Id>
               <OrgId>
                  <Othr>
                     <Id>44879951M</Id>
                  </Othr>
               </OrgId>
           </Id>
        </Cdtr>
        <CdtrAcct>
           <Id>
              <IBAN>ES1421006699532100255881</IBAN>
           </Id>
        </CdtrAcct>
      <Purp>
         <Cd>SALA</Cd>
      </Purp>
      <RmtInf>
         <Ustrd>Pago N mina 04/09/2017 Importe 12,95</Ustrd>
      </RmtInf>
   </CdtTrfTxInf>
   <CdtTrfTxInf>
      <PmtId>
         <EndToEndId>52635081H</EndToEndId>
      </PmtId>
      <PmtTpInf>
          <SvcLvl><Cd>SEPA</Cd></SvcLvl>
          <CtgyPurp><Cd>SALA</Cd></CtgyPurp>
       </PmtTpInf>
       <Amt>
          <InstdAmt Ccy="EUR">1657.12</InstdAmt>
       </Amt>
       <CdtrAgt>
          <FinInstnId>
             <BIC>CAIXESBBXXX</BIC>
          </FinInstnId>
       </CdtrAgt>
       <Cdtr>
          <Nm>ALBERT SORIA JOSE</Nm>
           <Id>
               <OrgId>
                  <Othr>
                     <Id>52635081H</Id>
                  </Othr>
               </OrgId>
           </Id>
        </Cdtr>
        <CdtrAcct>
           <Id>
              <IBAN>ES0221007414982100109017</IBAN>
           </Id>
        </CdtrAcct>
      <Purp>
         <Cd>SALA</Cd>
      </Purp>
      <RmtInf>
         <Ustrd>Pago N mina 04/09/2017 Importe 1.657,12</Ustrd>
      </RmtInf>
   </CdtTrfTxInf>
   <CdtTrfTxInf>
      <PmtId>
         <EndToEndId>52742722L</EndToEndId>
      </PmtId>
      <PmtTpInf>
          <SvcLvl><Cd>SEPA</Cd></SvcLvl>
          <CtgyPurp><Cd>SALA</Cd></CtgyPurp>
       </PmtTpInf>
       <Amt>
          <InstdAmt Ccy="EUR">13.27</InstdAmt>
       </Amt>
       <CdtrAgt>
          <FinInstnId>
             <BIC>CAIXESBBXXX</BIC>
          </FinInstnId>
       </CdtrAgt>
       <Cdtr>
          <Nm>AGUADO GONZALEZ JUAN FRANCISCO</Nm>
           <Id>
               <OrgId>
                  <Othr>
                     <Id>52742722L</Id>
                  </Othr>
               </OrgId>
           </Id>
        </Cdtr>
        <CdtrAcct>
           <Id>
              <IBAN>ES0321001476010100076846</IBAN>
           </Id>
        </CdtrAcct>
      <Purp>
         <Cd>SALA</Cd>
      </Purp>
      <RmtInf>
         <Ustrd>Pago N mina 04/09/2017 Importe 13,27</Ustrd>
      </RmtInf>
   </CdtTrfTxInf>
   <CdtTrfTxInf>
      <PmtId>
         <EndToEndId>53099116M</EndToEndId>
      </PmtId>
      <PmtTpInf>
          <SvcLvl><Cd>SEPA</Cd></SvcLvl>
          <CtgyPurp><Cd>SALA</Cd></CtgyPurp>
       </PmtTpInf>
       <Amt>
          <InstdAmt Ccy="EUR">2312.68</InstdAmt>
       </Amt>
       <CdtrAgt>
          <FinInstnId>
             <BIC>CAIXESBBXXX</BIC>
          </FinInstnId>
       </CdtrAgt>
       <Cdtr>
          <Nm>AGUADO GONZALEZ ISRAEL</Nm>
           <Id>
               <OrgId>
                  <Othr>
                     <Id>53099116M</Id>
                  </Othr>
               </OrgId>
           </Id>
        </Cdtr>
        <CdtrAcct>
           <Id>
              <IBAN>ES2121006699532100024798</IBAN>
           </Id>
        </CdtrAcct>
      <Purp>
         <Cd>SALA</Cd>
      </Purp>
      <RmtInf>
         <Ustrd>Pago N mina 04/09/2017 Importe 2.312,68</Ustrd>
      </RmtInf>
   </CdtTrfTxInf>
   <CdtTrfTxInf>
      <PmtId>
         <EndToEndId>24360951H</EndToEndId>
      </PmtId>
      <PmtTpInf>
          <SvcLvl><Cd>SEPA</Cd></SvcLvl>
          <CtgyPurp><Cd>SALA</Cd></CtgyPurp>
       </PmtTpInf>
       <Amt>
          <InstdAmt Ccy="EUR">1.78</InstdAmt>
       </Amt>
       <CdtrAgt>
          <FinInstnId>
             <BIC>BBVAESMMXXX</BIC>
          </FinInstnId>
       </CdtrAgt>
       <Cdtr>
          <Nm>MURRIETA GONZALEZ ANDRES</Nm>
           <Id>
               <OrgId>
                  <Othr>
                     <Id>24360951H</Id>
                  </Othr>
               </OrgId>
           </Id>
        </Cdtr>
        <CdtrAcct>
           <Id>
              <IBAN>ES7501826614760201615208</IBAN>
           </Id>
        </CdtrAcct>
      <Purp>
         <Cd>SALA</Cd>
      </Purp>
      <RmtInf>
         <Ustrd>Pago N mina 04/09/2017 Importe 1,78</Ustrd>
      </RmtInf>
   </CdtTrfTxInf>
   <CdtTrfTxInf>
      <PmtId>
         <EndToEndId>52649787G</EndToEndId>
      </PmtId>
      <PmtTpInf>
          <SvcLvl><Cd>SEPA</Cd></SvcLvl>
          <CtgyPurp><Cd>SALA</Cd></CtgyPurp>
       </PmtTpInf>
       <Amt>
          <InstdAmt Ccy="EUR">9.2</InstdAmt>
       </Amt>
       <CdtrAgt>
          <FinInstnId>
             <BIC>CCRIES2AXXX</BIC>
          </FinInstnId>
       </CdtrAgt>
       <Cdtr>
          <Nm>GIMENEZ BOSCH CARLOS</Nm>
           <Id>
               <OrgId>
                  <Othr>
                     <Id>52649787G</Id>
                  </Othr>
               </OrgId>
           </Id>
        </Cdtr>
        <CdtrAcct>
           <Id>
              <IBAN>ES2230582276372810002666</IBAN>
           </Id>
        </CdtrAcct>
      <Purp>
         <Cd>SALA</Cd>
      </Purp>
      <RmtInf>
         <Ustrd>Pago N mina 04/09/2017 Importe 9,20</Ustrd>
      </RmtInf>
   </CdtTrfTxInf>
   <CdtTrfTxInf>
      <PmtId>
         <EndToEndId>52733410E</EndToEndId>
      </PmtId>
      <PmtTpInf>
          <SvcLvl><Cd>SEPA</Cd></SvcLvl>
          <CtgyPurp><Cd>SALA</Cd></CtgyPurp>
       </PmtTpInf>
       <Amt>
          <InstdAmt Ccy="EUR">2305.35</InstdAmt>
       </Amt>
       <CdtrAgt>
          <FinInstnId>
             <BIC>CAIXESBBXXX</BIC>
          </FinInstnId>
       </CdtrAgt>
       <Cdtr>
          <Nm>VILA ESTARELLES FRANCISCO JAVIER</Nm>
           <Id>
               <OrgId>
                  <Othr>
                     <Id>52733410E</Id>
                  </Othr>
               </OrgId>
           </Id>
        </Cdtr>
        <CdtrAcct>
           <Id>
              <IBAN>ES9021006699530100049911</IBAN>
           </Id>
        </CdtrAcct>
      <Purp>
         <Cd>SALA</Cd>
      </Purp>
      <RmtInf>
         <Ustrd>Pago N mina 04/09/2017 Importe 2.305,35</Ustrd>
      </RmtInf>
   </CdtTrfTxInf>
   <CdtTrfTxInf>
      <PmtId>
         <EndToEndId>53206984A</EndToEndId>
      </PmtId>
      <PmtTpInf>
          <SvcLvl><Cd>SEPA</Cd></SvcLvl>
          <CtgyPurp><Cd>SALA</Cd></CtgyPurp>
       </PmtTpInf>
       <Amt>
          <InstdAmt Ccy="EUR">0.95</InstdAmt>
       </Amt>
       <CdtrAgt>
          <FinInstnId>
             <BIC>BBVAESMMXXX</BIC>
          </FinInstnId>
       </CdtrAgt>
       <Cdtr>
          <Nm>ROMAGUERA TRONCHONI DANIEL</Nm>
           <Id>
               <OrgId>
                  <Othr>
                     <Id>53206984A</Id>
                  </Othr>
               </OrgId>
           </Id>
        </Cdtr>
        <CdtrAcct>
           <Id>
              <IBAN>ES1901820548250201518398</IBAN>
           </Id>
        </CdtrAcct>
      <Purp>
         <Cd>SALA</Cd>
      </Purp>
      <RmtInf>
         <Ustrd>Pago N mina 04/09/2017 Importe 0,95</Ustrd>
      </RmtInf>
   </CdtTrfTxInf>
   <CdtTrfTxInf>
      <PmtId>
         <EndToEndId>73763766Y</EndToEndId>
      </PmtId>
      <PmtTpInf>
          <SvcLvl><Cd>SEPA</Cd></SvcLvl>
          <CtgyPurp><Cd>SALA</Cd></CtgyPurp>
       </PmtTpInf>
       <Amt>
          <InstdAmt Ccy="EUR">1655.75</InstdAmt>
       </Amt>
       <CdtrAgt>
          <FinInstnId>
             <BIC>CAIXESBBXXX</BIC>
          </FinInstnId>
       </CdtrAgt>
       <Cdtr>
          <Nm>SANCHEZ SORIANO AMADOR</Nm>
           <Id>
               <OrgId>
                  <Othr>
                     <Id>73763766Y</Id>
                  </Othr>
               </OrgId>
           </Id>
        </Cdtr>
        <CdtrAcct>
           <Id>
              <IBAN>ES8121006699592100024685</IBAN>
           </Id>
        </CdtrAcct>
      <Purp>
         <Cd>SALA</Cd>
      </Purp>
      <RmtInf>
         <Ustrd>Pago N mina 04/09/2017 Importe 1.655,75</Ustrd>
      </RmtInf>
   </CdtTrfTxInf>
   <CdtTrfTxInf>
      <PmtId>
         <EndToEndId>52644827N</EndToEndId>
      </PmtId>
      <PmtTpInf>
          <SvcLvl><Cd>SEPA</Cd></SvcLvl>
          <CtgyPurp><Cd>SALA</Cd></CtgyPurp>
       </PmtTpInf>
       <Amt>
          <InstdAmt Ccy="EUR">550.3</InstdAmt>
       </Amt>
       <CdtrAgt>
          <FinInstnId>
             <BIC>CAIXESBBXXX</BIC>
          </FinInstnId>
       </CdtrAgt>
       <Cdtr>
          <Nm>LLACER MU OZ JORGE</Nm>
           <Id>
               <OrgId>
                  <Othr>
                     <Id>52644827N</Id>
                  </Othr>
               </OrgId>
           </Id>
        </Cdtr>
        <CdtrAcct>
           <Id>
              <IBAN>ES0921007414962100335484</IBAN>
           </Id>
        </CdtrAcct>
      <Purp>
         <Cd>SALA</Cd>
      </Purp>
      <RmtInf>
         <Ustrd>Pago N mina 04/09/2017 Importe 550,30</Ustrd>
      </RmtInf>
   </CdtTrfTxInf>
   <CdtTrfTxInf>
      <PmtId>
         <EndToEndId>53096183Q</EndToEndId>
      </PmtId>
      <PmtTpInf>
          <SvcLvl><Cd>SEPA</Cd></SvcLvl>
          <CtgyPurp><Cd>SALA</Cd></CtgyPurp>
       </PmtTpInf>
       <Amt>
          <InstdAmt Ccy="EUR">10.24</InstdAmt>
       </Amt>
       <CdtrAgt>
          <FinInstnId>
             <BIC>GBMNESMMXXX</BIC>
          </FinInstnId>
       </CdtrAgt>
       <Cdtr>
          <Nm>LLORIS MORENO JORGE JESUS</Nm>
           <Id>
               <OrgId>
                  <Othr>
                     <Id>53096183Q</Id>
                  </Othr>
               </OrgId>
           </Id>
        </Cdtr>
        <CdtrAcct>
           <Id>
              <IBAN>ES7204870363109000410335</IBAN>
           </Id>
        </CdtrAcct>
      <Purp>
         <Cd>SALA</Cd>
      </Purp>
      <RmtInf>
         <Ustrd>Pago N mina 04/09/2017 Importe 10,24</Ustrd>
      </RmtInf>
   </CdtTrfTxInf>
   <CdtTrfTxInf>
      <PmtId>
         <EndToEndId>85086971N</EndToEndId>
      </PmtId>
      <PmtTpInf>
          <SvcLvl><Cd>SEPA</Cd></SvcLvl>
          <CtgyPurp><Cd>SALA</Cd></CtgyPurp>
       </PmtTpInf>
       <Amt>
          <InstdAmt Ccy="EUR">7.07</InstdAmt>
       </Amt>
       <CdtrAgt>
          <FinInstnId>
             <BIC>CCRIES2AXXX</BIC>
          </FinInstnId>
       </CdtrAgt>
       <Cdtr>
          <Nm>CASANOVA MARTINEZ JUAN</Nm>
           <Id>
               <OrgId>
                  <Othr>
                     <Id>85086971N</Id>
                  </Othr>
               </OrgId>
           </Id>
        </Cdtr>
        <CdtrAcct>
           <Id>
              <IBAN>ES5530582276312810034182</IBAN>
           </Id>
        </CdtrAcct>
      <Purp>
         <Cd>SALA</Cd>
      </Purp>
      <RmtInf>
         <Ustrd>Pago N mina 04/09/2017 Importe 7,07</Ustrd>
      </RmtInf>
   </CdtTrfTxInf>
   <CdtTrfTxInf>
      <PmtId>
         <EndToEndId>44884579X</EndToEndId>
      </PmtId>
      <PmtTpInf>
          <SvcLvl><Cd>SEPA</Cd></SvcLvl>
          <CtgyPurp><Cd>SALA</Cd></CtgyPurp>
       </PmtTpInf>
       <Amt>
          <InstdAmt Ccy="EUR">5.28</InstdAmt>
       </Amt>
       <CdtrAgt>
          <FinInstnId>
             <BIC>CCRIES2AXXX</BIC>
          </FinInstnId>
       </CdtrAgt>
       <Cdtr>
          <Nm>CERVERO MIGUEL FRANCISCO</Nm>
           <Id>
               <OrgId>
                  <Othr>
                     <Id>44884579X</Id>
                  </Othr>
               </OrgId>
           </Id>
        </Cdtr>
        <CdtrAcct>
           <Id>
              <IBAN>ES5930582276332820007455</IBAN>
           </Id>
        </CdtrAcct>
      <Purp>
         <Cd>SALA</Cd>
      </Purp>
      <RmtInf>
         <Ustrd>Pago N mina 04/09/2017 Importe 5,28</Ustrd>
      </RmtInf>
   </CdtTrfTxInf>
   <CdtTrfTxInf>
      <PmtId>
         <EndToEndId>53098349C</EndToEndId>
      </PmtId>
      <PmtTpInf>
          <SvcLvl><Cd>SEPA</Cd></SvcLvl>
          <CtgyPurp><Cd>SALA</Cd></CtgyPurp>
       </PmtTpInf>
       <Amt>
          <InstdAmt Ccy="EUR">1.33</InstdAmt>
       </Amt>
       <CdtrAgt>
          <FinInstnId>
             <BIC>CAIXESBBXXX</BIC>
          </FinInstnId>
       </CdtrAgt>
       <Cdtr>
          <Nm>MU OZ GONZALEZ DAVID</Nm>
           <Id>
               <OrgId>
                  <Othr>
                     <Id>53098349C</Id>
                  </Othr>
               </OrgId>
           </Id>
        </Cdtr>
        <CdtrAcct>
           <Id>
              <IBAN>ES8721007414952100213655</IBAN>
           </Id>
        </CdtrAcct>
      <Purp>
         <Cd>SALA</Cd>
      </Purp>
      <RmtInf>
         <Ustrd>Pago N mina 04/09/2017 Importe 1,33</Ustrd>
      </RmtInf>
   </CdtTrfTxInf>
   <CdtTrfTxInf>
      <PmtId>
         <EndToEndId>53606840G</EndToEndId>
      </PmtId>
      <PmtTpInf>
          <SvcLvl><Cd>SEPA</Cd></SvcLvl>
          <CtgyPurp><Cd>SALA</Cd></CtgyPurp>
       </PmtTpInf>
       <Amt>
          <InstdAmt Ccy="EUR">12.53</InstdAmt>
       </Amt>
       <CdtrAgt>
          <FinInstnId>
             <BIC>CAIXESBBXXX</BIC>
          </FinInstnId>
       </CdtrAgt>
       <Cdtr>
          <Nm>CUENCA GARCIA JOSE ANTONIO</Nm>
           <Id>
               <OrgId>
                  <Othr>
                     <Id>53606840G</Id>
                  </Othr>
               </OrgId>
           </Id>
        </Cdtr>
        <CdtrAcct>
           <Id>
              <IBAN>ES7721007414922100352013</IBAN>
           </Id>
        </CdtrAcct>
      <Purp>
         <Cd>SALA</Cd>
      </Purp>
      <RmtInf>
         <Ustrd>Pago N mina 04/09/2017 Importe 12,53</Ustrd>
      </RmtInf>
   </CdtTrfTxInf>
   <CdtTrfTxInf>
      <PmtId>
         <EndToEndId>53601075N</EndToEndId>
      </PmtId>
      <PmtTpInf>
          <SvcLvl><Cd>SEPA</Cd></SvcLvl>
          <CtgyPurp><Cd>SALA</Cd></CtgyPurp>
       </PmtTpInf>
       <Amt>
          <InstdAmt Ccy="EUR">1.98</InstdAmt>
       </Amt>
       <CdtrAgt>
          <FinInstnId>
             <BIC>CCRIES2AXXX</BIC>
          </FinInstnId>
       </CdtrAgt>
       <Cdtr>
          <Nm>ALBERT CHANZA DAVID</Nm>
           <Id>
               <OrgId>
                  <Othr>
                     <Id>53601075N</Id>
                  </Othr>
               </OrgId>
           </Id>
        </Cdtr>
        <CdtrAcct>
           <Id>
              <IBAN>ES1730587032842820202666</IBAN>
           </Id>
        </CdtrAcct>
      <Purp>
         <Cd>SALA</Cd>
      </Purp>
      <RmtInf>
         <Ustrd>Pago N mina 04/09/2017 Importe 1,98</Ustrd>
      </RmtInf>
   </CdtTrfTxInf>
   <CdtTrfTxInf>
      <PmtId>
         <EndToEndId>29162097Y</EndToEndId>
      </PmtId>
      <PmtTpInf>
          <SvcLvl><Cd>SEPA</Cd></SvcLvl>
          <CtgyPurp><Cd>SALA</Cd></CtgyPurp>
       </PmtTpInf>
       <Amt>
          <InstdAmt Ccy="EUR">7.44</InstdAmt>
       </Amt>
       <CdtrAgt>
          <FinInstnId>
             <BIC>CAHMESMMXXX</BIC>
          </FinInstnId>
       </CdtrAgt>
       <Cdtr>
          <Nm>MOYA SERRANO JOAQUIN</Nm>
           <Id>
               <OrgId>
                  <Othr>
                     <Id>29162097Y</Id>
                  </Othr>
               </OrgId>
           </Id>
        </Cdtr>
        <CdtrAcct>
           <Id>
              <IBAN>ES7520386090313000320854</IBAN>
           </Id>
        </CdtrAcct>
      <Purp>
         <Cd>SALA</Cd>
      </Purp>
      <RmtInf>
         <Ustrd>Pago N mina 04/09/2017 Importe 7,44</Ustrd>
      </RmtInf>
   </CdtTrfTxInf>
   <CdtTrfTxInf>
      <PmtId>
         <EndToEndId>19841291L</EndToEndId>
      </PmtId>
      <PmtTpInf>
          <SvcLvl><Cd>SEPA</Cd></SvcLvl>
          <CtgyPurp><Cd>SALA</Cd></CtgyPurp>
       </PmtTpInf>
       <Amt>
          <InstdAmt Ccy="EUR">13.02</InstdAmt>
       </Amt>
       <CdtrAgt>
          <FinInstnId>
             <BIC>CCRIES2AXXX</BIC>
          </FinInstnId>
       </CdtrAgt>
       <Cdtr>
          <Nm>DALMAU FORT FRANCISCO JAVIER</Nm>
           <Id>
               <OrgId>
                  <Othr>
                     <Id>19841291L</Id>
                  </Othr>
               </OrgId>
           </Id>
        </Cdtr>
        <CdtrAcct>
           <Id>
              <IBAN>ES3530582341272810005880</IBAN>
           </Id>
        </CdtrAcct>
      <Purp>
         <Cd>SALA</Cd>
      </Purp>
      <RmtInf>
         <Ustrd>Pago N mina 04/09/2017 Importe 13,02</Ustrd>
      </RmtInf>
   </CdtTrfTxInf>
   <CdtTrfTxInf>
      <PmtId>
         <EndToEndId>19846838T</EndToEndId>
      </PmtId>
      <PmtTpInf>
          <SvcLvl><Cd>SEPA</Cd></SvcLvl>
          <CtgyPurp><Cd>SALA</Cd></CtgyPurp>
       </PmtTpInf>
       <Amt>
          <InstdAmt Ccy="EUR">12.42</InstdAmt>
       </Amt>
       <CdtrAgt>
          <FinInstnId>
             <BIC>BSABESBBXXX</BIC>
          </FinInstnId>
       </CdtrAgt>
       <Cdtr>
          <Nm>DALMAU FORT JOSE LUIS</Nm>
           <Id>
               <OrgId>
                  <Othr>
                     <Id>19846838T</Id>
                  </Othr>
               </OrgId>
           </Id>
        </Cdtr>
        <CdtrAcct>
           <Id>
              <IBAN>ES1700811300850006104525</IBAN>
           </Id>
        </CdtrAcct>
      <Purp>
         <Cd>SALA</Cd>
      </Purp>
      <RmtInf>
         <Ustrd>Pago N mina 04/09/2017 Importe 12,42</Ustrd>
      </RmtInf>
   </CdtTrfTxInf>
   <CdtTrfTxInf>
      <PmtId>
         <EndToEndId>19454206R</EndToEndId>
      </PmtId>
      <PmtTpInf>
          <SvcLvl><Cd>SEPA</Cd></SvcLvl>
          <CtgyPurp><Cd>SALA</Cd></CtgyPurp>
       </PmtTpInf>
       <Amt>
          <InstdAmt Ccy="EUR">8.02</InstdAmt>
       </Amt>
       <CdtrAgt>
          <FinInstnId>
             <BIC>CCRIES2AXXX</BIC>
          </FinInstnId>
       </CdtrAgt>
       <Cdtr>
          <Nm>AGUADO CUBAS JUAN</Nm>
           <Id>
               <OrgId>
                  <Othr>
                     <Id>19454206R</Id>
                  </Othr>
               </OrgId>
           </Id>
        </Cdtr>
        <CdtrAcct>
           <Id>
              <IBAN>ES2130582276382810036003</IBAN>
           </Id>
        </CdtrAcct>
      <Purp>
         <Cd>SALA</Cd>
      </Purp>
      <RmtInf>
         <Ustrd>Pago N mina 04/09/2017 Importe 8,02</Ustrd>
      </RmtInf>
   </CdtTrfTxInf>
   <CdtTrfTxInf>
      <PmtId>
         <EndToEndId>73591379G</EndToEndId>
      </PmtId>
      <PmtTpInf>
          <SvcLvl><Cd>SEPA</Cd></SvcLvl>
          <CtgyPurp><Cd>SALA</Cd></CtgyPurp>
       </PmtTpInf>
       <Amt>
          <InstdAmt Ccy="EUR">14.87</InstdAmt>
       </Amt>
       <CdtrAgt>
          <FinInstnId>
             <BIC>CAHMESMMXXX</BIC>
          </FinInstnId>
       </CdtrAgt>
       <Cdtr>
          <Nm>CHADLAOUI HAMDAOUI ABDELLAH</Nm>
           <Id>
               <OrgId>
                  <Othr>
                     <Id>73591379G</Id>
                  </Othr>
               </OrgId>
           </Id>
        </Cdtr>
        <CdtrAcct>
           <Id>
              <IBAN>ES1720386078553000578469</IBAN>
           </Id>
        </CdtrAcct>
      <Purp>
         <Cd>SALA</Cd>
      </Purp>
      <RmtInf>
         <Ustrd>Pago N mina 04/09/2017 Importe 14,87</Ustrd>
      </RmtInf>
   </CdtTrfTxInf>
   <CdtTrfTxInf>
      <PmtId>
         <EndToEndId>X3189988A</EndToEndId>
      </PmtId>
      <PmtTpInf>
          <SvcLvl><Cd>SEPA</Cd></SvcLvl>
          <CtgyPurp><Cd>SALA</Cd></CtgyPurp>
       </PmtTpInf>
       <Amt>
          <InstdAmt Ccy="EUR">15.27</InstdAmt>
       </Amt>
       <CdtrAgt>
          <FinInstnId>
             <BIC>CAIXESBBXXX</BIC>
          </FinInstnId>
       </CdtrAgt>
       <Cdtr>
          <Nm>SHAYDA ALLA</Nm>
           <Id>
               <OrgId>
                  <Othr>
                     <Id>X3189988A</Id>
                  </Othr>
               </OrgId>
           </Id>
        </Cdtr>
        <CdtrAcct>
           <Id>
              <IBAN>ES6621003930670100467758</IBAN>
           </Id>
        </CdtrAcct>
      <Purp>
         <Cd>SALA</Cd>
      </Purp>
      <RmtInf>
         <Ustrd>Pago N mina 04/09/2017 Importe 15,27</Ustrd>
      </RmtInf>
   </CdtTrfTxInf>
   <CdtTrfTxInf>
      <PmtId>
         <EndToEndId>X4579186R</EndToEndId>
      </PmtId>
      <PmtTpInf>
          <SvcLvl><Cd>SEPA</Cd></SvcLvl>
          <CtgyPurp><Cd>SALA</Cd></CtgyPurp>
       </PmtTpInf>
       <Amt>
          <InstdAmt Ccy="EUR">8.34</InstdAmt>
       </Amt>
       <CdtrAgt>
          <FinInstnId>
             <BIC>CAHMESMMXXX</BIC>
          </FinInstnId>
       </CdtrAgt>
       <Cdtr>
          <Nm>AUDRIUS MASIONIS</Nm>
           <Id>
               <OrgId>
                  <Othr>
                     <Id>X4579186R</Id>
                  </Othr>
               </OrgId>
           </Id>
        </Cdtr>
        <CdtrAcct>
           <Id>
              <IBAN>ES9120389642333000462871</IBAN>
           </Id>
        </CdtrAcct>
      <Purp>
         <Cd>SALA</Cd>
      </Purp>
      <RmtInf>
         <Ustrd>Pago N mina 04/09/2017 Importe 8,34</Ustrd>
      </RmtInf>
   </CdtTrfTxInf>
   <CdtTrfTxInf>
      <PmtId>
         <EndToEndId>Y1707936Q</EndToEndId>
      </PmtId>
      <PmtTpInf>
          <SvcLvl><Cd>SEPA</Cd></SvcLvl>
          <CtgyPurp><Cd>SALA</Cd></CtgyPurp>
       </PmtTpInf>
       <Amt>
          <InstdAmt Ccy="EUR">12.35</InstdAmt>
       </Amt>
       <CdtrAgt>
          <FinInstnId>
             <BIC>CAIXESBBXXX</BIC>
          </FinInstnId>
       </CdtrAgt>
       <Cdtr>
          <Nm>YAYLOYAN LUSINE</Nm>
           <Id>
               <OrgId>
                  <Othr>
                     <Id>Y1707936Q</Id>
                  </Othr>
               </OrgId>
           </Id>
        </Cdtr>
        <CdtrAcct>
           <Id>
              <IBAN>ES4121001478110100547380</IBAN>
           </Id>
        </CdtrAcct>
      <Purp>
         <Cd>SALA</Cd>
      </Purp>
      <RmtInf>
         <Ustrd>Pago N mina 04/09/2017 Importe 12,35</Ustrd>
      </RmtInf>
   </CdtTrfTxInf>
   <CdtTrfTxInf>
      <PmtId>
         <EndToEndId>Y0831632N</EndToEndId>
      </PmtId>
      <PmtTpInf>
          <SvcLvl><Cd>SEPA</Cd></SvcLvl>
          <CtgyPurp><Cd>SALA</Cd></CtgyPurp>
       </PmtTpInf>
       <Amt>
          <InstdAmt Ccy="EUR">9.74</InstdAmt>
       </Amt>
       <CdtrAgt>
          <FinInstnId>
             <BIC>CAIXESBBXXX</BIC>
          </FinInstnId>
       </CdtrAgt>
       <Cdtr>
          <Nm>DARGIS PETRAS</Nm>
           <Id>
               <OrgId>
                  <Othr>
                     <Id>Y0831632N</Id>
                  </Othr>
               </OrgId>
           </Id>
        </Cdtr>
        <CdtrAcct>
           <Id>
              <IBAN>ES7721004606212100265517</IBAN>
           </Id>
        </CdtrAcct>
      <Purp>
         <Cd>SALA</Cd>
      </Purp>
      <RmtInf>
         <Ustrd>Pago N mina 04/09/2017 Importe 9,74</Ustrd>
      </RmtInf>
   </CdtTrfTxInf>
   <CdtTrfTxInf>
      <PmtId>
         <EndToEndId>X5837884R</EndToEndId>
      </PmtId>
      <PmtTpInf>
          <SvcLvl><Cd>SEPA</Cd></SvcLvl>
          <CtgyPurp><Cd>SALA</Cd></CtgyPurp>
       </PmtTpInf>
       <Amt>
          <InstdAmt Ccy="EUR">11.04</InstdAmt>
       </Amt>
       <CdtrAgt>
          <FinInstnId>
             <BIC>CAIXESBBXXX</BIC>
          </FinInstnId>
       </CdtrAgt>
       <Cdtr>
          <Nm>MARCIN MICHALIK</Nm>
           <Id>
               <OrgId>
                  <Othr>
                     <Id>X5837884R</Id>
                  </Othr>
               </OrgId>
           </Id>
        </Cdtr>
        <CdtrAcct>
           <Id>
              <IBAN>ES6321003930610100406705</IBAN>
           </Id>
        </CdtrAcct>
      <Purp>
         <Cd>SALA</Cd>
      </Purp>
      <RmtInf>
         <Ustrd>Pago N mina 04/09/2017 Importe 11,04</Ustrd>
      </RmtInf>
   </CdtTrfTxInf>
   <CdtTrfTxInf>
      <PmtId>
         <EndToEndId>X8180576M</EndToEndId>
      </PmtId>
      <PmtTpInf>
          <SvcLvl><Cd>SEPA</Cd></SvcLvl>
          <CtgyPurp><Cd>SALA</Cd></CtgyPurp>
       </PmtTpInf>
       <Amt>
          <InstdAmt Ccy="EUR">594.33</InstdAmt>
       </Amt>
       <CdtrAgt>
          <FinInstnId>
             <BIC>CAIXESBBXXX</BIC>
          </FinInstnId>
       </CdtrAgt>
       <Cdtr>
          <Nm>POZHARSKYY MYKOLA</Nm>
           <Id>
               <OrgId>
                  <Othr>
                     <Id>X8180576M</Id>
                  </Othr>
               </OrgId>
           </Id>
        </Cdtr>
        <CdtrAcct>
           <Id>
              <IBAN>ES2321003930650100465623</IBAN>
           </Id>
        </CdtrAcct>
      <Purp>
         <Cd>SALA</Cd>
      </Purp>
      <RmtInf>
         <Ustrd>Pago N mina 04/09/2017 Importe 594,33</Ustrd>
      </RmtInf>
   </CdtTrfTxInf>
   <CdtTrfTxInf>
      <PmtId>
         <EndToEndId>X7162580N</EndToEndId>
      </PmtId>
      <PmtTpInf>
          <SvcLvl><Cd>SEPA</Cd></SvcLvl>
          <CtgyPurp><Cd>SALA</Cd></CtgyPurp>
       </PmtTpInf>
       <Amt>
          <InstdAmt Ccy="EUR">11.77</InstdAmt>
       </Amt>
       <CdtrAgt>
          <FinInstnId>
             <BIC>CCRIES2AXXX</BIC>
          </FinInstnId>
       </CdtrAgt>
       <Cdtr>
          <Nm>KARUZNA RICARDAS</Nm>
           <Id>
               <OrgId>
                  <Othr>
                     <Id>X7162580N</Id>
                  </Othr>
               </OrgId>
           </Id>
        </Cdtr>
        <CdtrAcct>
           <Id>
              <IBAN>ES8130582267012810007407</IBAN>
           </Id>
        </CdtrAcct>
      <Purp>
         <Cd>SALA</Cd>
      </Purp>
      <RmtInf>
         <Ustrd>Pago N mina 04/09/2017 Importe 11,77</Ustrd>
      </RmtInf>
   </CdtTrfTxInf>
   <CdtTrfTxInf>
      <PmtId>
         <EndToEndId>X6866758Q</EndToEndId>
      </PmtId>
      <PmtTpInf>
          <SvcLvl><Cd>SEPA</Cd></SvcLvl>
          <CtgyPurp><Cd>SALA</Cd></CtgyPurp>
       </PmtTpInf>
       <Amt>
          <InstdAmt Ccy="EUR">14.07</InstdAmt>
       </Amt>
       <CdtrAgt>
          <FinInstnId>
             <BIC>CAIXESBBXXX</BIC>
          </FinInstnId>
       </CdtrAgt>
       <Cdtr>
          <Nm>SHUMIKHIN ALEXANDER</Nm>
           <Id>
               <OrgId>
                  <Othr>
                     <Id>X6866758Q</Id>
                  </Othr>
               </OrgId>
           </Id>
        </Cdtr>
        <CdtrAcct>
           <Id>
              <IBAN>ES7421005498170100160707</IBAN>
           </Id>
        </CdtrAcct>
      <Purp>
         <Cd>SALA</Cd>
      </Purp>
      <RmtInf>
         <Ustrd>Pago N mina 04/09/2017 Importe 14,07</Ustrd>
      </RmtInf>
   </CdtTrfTxInf>
   <CdtTrfTxInf>
      <PmtId>
         <EndToEndId>Y0592967H</EndToEndId>
      </PmtId>
      <PmtTpInf>
          <SvcLvl><Cd>SEPA</Cd></SvcLvl>
          <CtgyPurp><Cd>SALA</Cd></CtgyPurp>
       </PmtTpInf>
       <Amt>
          <InstdAmt Ccy="EUR">14.1</InstdAmt>
       </Amt>
       <CdtrAgt>
          <FinInstnId>
             <BIC>CAIXESBBXXX</BIC>
          </FinInstnId>
       </CdtrAgt>
       <Cdtr>
          <Nm>SEMENIUK OLENA</Nm>
           <Id>
               <OrgId>
                  <Othr>
                     <Id>Y0592967H</Id>
                  </Othr>
               </OrgId>
           </Id>
        </Cdtr>
        <CdtrAcct>
           <Id>
              <IBAN>ES6621005043890200105496</IBAN>
           </Id>
        </CdtrAcct>
      <Purp>
         <Cd>SALA</Cd>
      </Purp>
      <RmtInf>
         <Ustrd>Pago N mina 04/09/2017 Importe 14,10</Ustrd>
      </RmtInf>
   </CdtTrfTxInf>
   <CdtTrfTxInf>
      <PmtId>
         <EndToEndId>X2903357K</EndToEndId>
      </PmtId>
      <PmtTpInf>
          <SvcLvl><Cd>SEPA</Cd></SvcLvl>
          <CtgyPurp><Cd>SALA</Cd></CtgyPurp>
       </PmtTpInf>
       <Amt>
          <InstdAmt Ccy="EUR">13.19</InstdAmt>
       </Amt>
       <CdtrAgt>
          <FinInstnId>
             <BIC>CAHMESMMXXX</BIC>
          </FinInstnId>
       </CdtrAgt>
       <Cdtr>
          <Nm>KULYK OLEXADR</Nm>
           <Id>
               <OrgId>
                  <Othr>
                     <Id>X2903357K</Id>
                  </Othr>
               </OrgId>
           </Id>
        </Cdtr>
        <CdtrAcct>
           <Id>
              <IBAN>ES9820386202463000282483</IBAN>
           </Id>
        </CdtrAcct>
      <Purp>
         <Cd>SALA</Cd>
      </Purp>
      <RmtInf>
         <Ustrd>Pago N mina 04/09/2017 Importe 13,19</Ustrd>
      </RmtInf>
   </CdtTrfTxInf>
   <CdtTrfTxInf>
      <PmtId>
         <EndToEndId>Y2403333P</EndToEndId>
      </PmtId>
      <PmtTpInf>
          <SvcLvl><Cd>SEPA</Cd></SvcLvl>
          <CtgyPurp><Cd>SALA</Cd></CtgyPurp>
       </PmtTpInf>
       <Amt>
          <InstdAmt Ccy="EUR">11.79</InstdAmt>
       </Amt>
       <CdtrAgt>
          <FinInstnId>
             <BIC>CAIXESBBXXX</BIC>
          </FinInstnId>
       </CdtrAgt>
       <Cdtr>
          <Nm>BARKAITIENE JULIJA</Nm>
           <Id>
               <OrgId>
                  <Othr>
                     <Id>Y2403333P</Id>
                  </Othr>
               </OrgId>
           </Id>
        </Cdtr>
        <CdtrAcct>
           <Id>
              <IBAN>ES7921003930680100466408</IBAN>
           </Id>
        </CdtrAcct>
      <Purp>
         <Cd>SALA</Cd>
      </Purp>
      <RmtInf>
         <Ustrd>Pago N mina 04/09/2017 Importe 11,79</Ustrd>
      </RmtInf>
   </CdtTrfTxInf>
   <CdtTrfTxInf>
      <PmtId>
         <EndToEndId>X5130012T</EndToEndId>
      </PmtId>
      <PmtTpInf>
          <SvcLvl><Cd>SEPA</Cd></SvcLvl>
          <CtgyPurp><Cd>SALA</Cd></CtgyPurp>
       </PmtTpInf>
       <Amt>
          <InstdAmt Ccy="EUR">2063.66</InstdAmt>
       </Amt>
       <CdtrAgt>
          <FinInstnId>
             <BIC>CECAESMM045</BIC>
          </FinInstnId>
       </CdtrAgt>
       <Cdtr>
          <Nm>GRIGAS RICARDAS</Nm>
           <Id>
               <OrgId>
                  <Othr>
                     <Id>X5130012T</Id>
                  </Othr>
               </OrgId>
           </Id>
        </Cdtr>
        <CdtrAcct>
           <Id>
              <IBAN>ES7920456035550000118227</IBAN>
           </Id>
        </CdtrAcct>
      <Purp>
         <Cd>SALA</Cd>
      </Purp>
      <RmtInf>
         <Ustrd>Pago N mina 04/09/2017 Importe 2.063,66</Ustrd>
      </RmtInf>
   </CdtTrfTxInf>
   <CdtTrfTxInf>
      <PmtId>
         <EndToEndId>X7070108T</EndToEndId>
      </PmtId>
      <PmtTpInf>
          <SvcLvl><Cd>SEPA</Cd></SvcLvl>
          <CtgyPurp><Cd>SALA</Cd></CtgyPurp>
       </PmtTpInf>
       <Amt>
          <InstdAmt Ccy="EUR">14.03</InstdAmt>
       </Amt>
       <CdtrAgt>
          <FinInstnId>
             <BIC>CECAESMM105</BIC>
          </FinInstnId>
       </CdtrAgt>
       <Cdtr>
          <Nm>ULCINIENE REGINA</Nm>
           <Id>
               <OrgId>
                  <Othr>
                     <Id>X7070108T</Id>
                  </Othr>
               </OrgId>
           </Id>
        </Cdtr>
        <CdtrAcct>
           <Id>
              <IBAN>ES7821053161881290012355</IBAN>
           </Id>
        </CdtrAcct>
      <Purp>
         <Cd>SALA</Cd>
      </Purp>
      <RmtInf>
         <Ustrd>Pago N mina 04/09/2017 Importe 14,03</Ustrd>
      </RmtInf>
   </CdtTrfTxInf>
   <CdtTrfTxInf>
      <PmtId>
         <EndToEndId>X5874412M</EndToEndId>
      </PmtId>
      <PmtTpInf>
          <SvcLvl><Cd>SEPA</Cd></SvcLvl>
          <CtgyPurp><Cd>SALA</Cd></CtgyPurp>
       </PmtTpInf>
       <Amt>
          <InstdAmt Ccy="EUR">13.42</InstdAmt>
       </Amt>
       <CdtrAgt>
          <FinInstnId>
             <BIC>CAIXESBBXXX</BIC>
          </FinInstnId>
       </CdtrAgt>
       <Cdtr>
          <Nm>KRAPAVICIUS ZYDRUNAS</Nm>
           <Id>
               <OrgId>
                  <Othr>
                     <Id>X5874412M</Id>
                  </Othr>
               </OrgId>
           </Id>
        </Cdtr>
        <CdtrAcct>
           <Id>
              <IBAN>ES9721002419240100460952</IBAN>
           </Id>
        </CdtrAcct>
      <Purp>
         <Cd>SALA</Cd>
      </Purp>
      <RmtInf>
         <Ustrd>Pago N mina 04/09/2017 Importe 13,42</Ustrd>
      </RmtInf>
   </CdtTrfTxInf>
   </PmtInf>
</CstmrCdtTrfInitn></Document>
