0356F46026647             0013009162909160000000000000000000   **       
0356F46026647             002COOP.AGRICOLA S.ISIDRO LABRADO             
0356F46026647             003Plaza del Ayuntamiento nº 14               
0356F46026647             00446220 VALENCIA                             
0656F46026647 22660804P   01000000001772130582276281001530311  35       
0656F46026647 22660804P   011                CARBO SAEZ, JOSE VTE       
0656F46026647 22660804P   012           CL CARLOS ALBORS 58 - - -       
0656F46026647 22660804P   013                                           
0656F46026647 22660804P   01446220                      PICASSENT       
0656F46026647 22660804P   016                             Nómina        
0656F46026647 52748490Z   01000000001808330582276281000933911  30       
0656F46026647 52748490Z   011            IBAÑEZ CERVERO, SALVADOR       
0656F46026647 52748490Z   012              CL POZO SALADO 7 - - -       
0656F46026647 52748490Z   013                                           
0656F46026647 52748490Z   01446220                      PICASSENT       
0656F46026647 52748490Z   016                             Nómina        
0856F46026647                000000035804000000020000000017             
