0356B97090781            0010605150605153058226227200008720   88        
0356B97090781            002NATURAL DE MONTAÑA S.L.                     
0356B97090781            003Partida Alegea, s/n                         
0356B97090781            00446820 VALENCIA                              
0656B970907810000000T    01000000000404800001234123456789011  01        
0656B970907810000000T    011                                   A        
0656B970907810000000T    012                                 aaa        
0656B970907810000000T    013                                            
0656B970907810000000T    014   aa                             aa        
0656B970907810000000T    016                             Nómina         
0856B97090781               000000004048000000010000000011              
