0356F46026621             0010411160411162100741422000881870   90       
0356F46026621             002Agro-Citrica de Picassent C.V.             
0356F46026621             003Polig.Industrial Picassent C/6             
0356F46026621             00446220 Valencia                             
0656F46026621 52748510B   01000000001670030582276281002453611  37       
0656F46026621 52748510B   011       SILLA TRONCHONI SALVADOR FCO.       
0656F46026621 52748510B   012                       C/ NOU, 30-1ª       
0656F46026621 52748510B   013                                           
0656F46026621 52748510B   01446220                      PICASSENT       
0656F46026621 52748510B   016                             Nómina        
0856F46026621                000000016700000000010000000011             
